2056 3234
199 193 288 221 CAP-
310 193 403 220 XXII·
527 197 586 228 DE
613 196 735 227 ENTE
762 196 1182 227 PREDICAMENTALI.
1713 198 1732 223 ’Ξ
1748 202 1753 222 ¹
1772 188 1788 224 3

200 303 301 339 ciam
335 302 564 350 significans
599 311 639 338 ut
672 313 910 349 pronomen.
944 302 1036 337 Ideo
1069 301 1273 349 signanter
1307 301 1403 338 dicit
1433 304 1505 338 Job

200 362 246 396 de
270 362 372 396 Deo:
408 361 552 405 “Quod
585 360 616 395 si
648 372 728 395 non
760 359 826 395 ille
859 367 928 405 est,
963 359 1050 406 quis
1074 372 1167 406 ergo
1190 360 1297 395 est?''
1333 361 1418 396 Job.
1446 364 1504 406 90.

257 420 299 454 In
330 418 404 454 ista
437 430 530 465 ergo
563 417 730 453 materia
761 425 852 453 sunt
883 425 962 452 tres
995 416 1103 452 modi
1137 417 1308 463 dicendi,
1333 430 1503 465 quorum
1528 425 1629 452 Three
1649 433 1736 464 ways
1754 426 1788 453 of

199 475 351 524 primus
375 474 483 520 dicit,
505 476 611 523 quod
635 474 793 511 animus
817 473 962 510 limitat
986 487 1199 510 commune
1222 476 1506 523 quodcumque
1531 460 1781 528 [ᾗᾞέξὲζξᾛῇζὲἕ

167 535 363 570 §verbum
397 532 591 580 presentis
624 532 817 579 temporis
850 533 900 568 ad
924 533 1224 568 connotandum
1249 529 1651 579 singulariter1·limits
1668 533 1789 563 present

198 603 360 639 presens
405 599 562 638 tempus
607 591 728 626 modo
772 602 852 637 quo
895 598 1046 625 tactum
1098 598 1154 625 est
1207 589 1402 637 superius.
1455 592 1503 626 Et
1531 563 1779 639 agissiiltiiisttlihm.

198 648 314 685 istam
358 647 601 684 sentenciam
648 646 743 683 dicit
782 649 933 683 Doctor
970 648 1194 683 Profundus
1232 647 1334 683 libro
1372 647 1503 695 primo
1518 632 1792 701 ὃζᾶῗζῃῇζζῗᾛέθ

200 705 375 754 capitulo
410 709 497 751 240,
531 705 600 740 ubi
632 704 705 740 sic:
746 706 855 741 “Nos
888 712 1021 740 autem
1056 713 1221 752 propter
1253 704 1501 741 debilitatem
1523 701 1659 763 {askgtffffl
1677 702 1798 762 {33³3}

199 763 424 799 intellectus
476 762 601 799 nostri
653 775 733 798 non
785 774 994 810 possumus
1039 761 1222 798 distincte
1266 775 1505 810 cognoscere
1553 744 1763 804 compzi'rison,

147 835 185 856 10
200 833 337 857 omnes
375 820 591 868 particulas
629 819 822 867 temporis
860 832 1017 868 semper
1049 820 1216 856 fluentes
1250 829 1286 856 et
1318 820 1504 856 continue
1536 804 1782 866 illusfiil-Stehsemis

200 879 474 924 succedentes3
519 878 691 925 ideoque
735 876 955 925 accipimus
998 890 1161 925 presens
1199 877 1362 923 instans,
1397 878 1504 926 quod
1538 874 1576 935 {g
1596 873 1775 934 &fiiilc'ffwaes

201 938 248 973 de
281 944 365 972 toto
397 944 576 984 tempore
608 944 665 971 est
696 944 899 971 actuatum
933 944 970 971 et
1007 935 1120 971 nobis
1158 935 1426 980 notissimum,
1468 939 1504 971 e't
1527 943 1620 978 §peak
1640 942 1674 969 of
1690 942 1786 981 above

200 994 386 1043 ponimus
419 993 517 1029 illud
549 1005 621 1041 pro
654 994 830 1041 quodam
863 992 975 1040 signo
1020 1002 1057 1029 et
1100 1002 1195 1029 tunc
1239 993 1353 1029 nobis
1396 1002 1505 1029 certo
1519 977 1793 1039 {tgtgdergglczwtowffiig

202 1064 271 1100 per
317 1051 680 1099 comparacionem,
726 1052 776 1086 ad
820 1063 938 1099 quem
983 1050 1241 1098 intelligimus
1286 1050 1505 1099 presencia,
1546 1046 1775 1107 parttoopgositc

148 1113 185 1145 15
202 1109 390 1157 preterita
435 1118 471 1145 et
509 1109 656 1155 futura,
696 1121 820 1157 quare
856 1108 1158 1156 proposiciones
1196 1117 1343 1154 nostre,
1389 1108 1507 1156 signi·
1701 1101 1706 1106 ⁸

202 1167 364 1203 ficantes
398 1179 488 1202 cum
521 1175 714 1214 tempore,
747 1166 972 1202 necessario
1005 1166 1232 1214 significant
1263 1166 1339 1202 isto
1372 1167 1506 1211 modo,

201 1224 352 1261 scilicet
395 1224 557 1260 relative
594 1225 644 1260 ad
677 1236 838 1271 presens
872 1223 1023 1260 instans
1056 1226 1352 1272 quodcumque.
1397 1225 1508 1260 Ideo-

202 1295 278 1331 que
301 1283 373 1318 hec
395 1281 639 1330 preposicioz
665 1281 875 1318 “Christus
897 1281 1072 1329 patitur''
1098 1282 1284 1318 continue
1308 1281 1505 1317 diversum

202 1348 239 1376 et
271 1340 471 1376 diversum
504 1339 717 1387 significat,
751 1341 970 1375 secundum
1004 1341 1110 1387 quod
1135 1339 1288 1375 diversa
1310 1338 1507 1375 instancia

145 1411 185 1432 20
201 1398 301 1434 fiunt
324 1397 531 1445 presencia
554 1396 785 1442 successive,
819 1397 920 1433 sicut
953 1406 988 1433 et
1021 1399 1110 1433 hec:
1145 1397 1354 1434 “Christus
1376 1396 1507 1445 pacie-

202 1456 344 1492 batur'’
380 1454 685 1502 consignificant
714 1454 801 1502 pari
835 1456 973 1501 modo3
1006 1454 1106 1491 sicut
1136 1454 1285 1502 species
1318 1455 1358 1490 in
1389 1454 1506 1491 oculo

202 1513 278 1549 fixo
309 1513 467 1550 vidente
499 1512 539 1548 in
572 1521 680 1548 certo
713 1512 790 1548 situ
828 1521 960 1560 partes
999 1512 1175 1548 fluminis
1214 1512 1402 1549 continue
1441 1513 1506 1548 de-

203 1579 417 1616 currentes,
453 1569 639 1606 continue
671 1569 869 1617 significat
901 1570 1096 1606 diversam
1136 1579 1289 1618 partem
1329 1569 1506 1606 fluminis

201 1637 239 1665 et
257 1629 466 1673 diversam,
485 1627 587 1664 sicut
604 1628 701 1664 tales
718 1627 1004 1675 proporciones
1027 1628 1065 1663 in
1089 1628 1223 1664 anima
1245 1627 1300 1663 sic
1317 1627 1504 1673 videntis;

144 1689 183 1722 25
199 1686 275 1722 ista
308 1699 399 1733 pars
432 1686 579 1722 directe
612 1685 732 1721 michi
765 1685 936 1722 obicitur
967 1685 1008 1721 in
1040 1686 1115 1722 hoc
1147 1685 1236 1732 situ,
1276 1694 1313 1721 et
1345 1685 1418 1721 ista
1450 1694 1508 1721 est

200 1743 366 1780 inferior
397 1743 485 1789 ista,
520 1742 614 1791 quia
646 1742 846 1790 superior3
891 1755 1048 1791 semper
1086 1743 1163 1779 alia
1196 1752 1233 1779 et
1265 1743 1343 1779 alia
1376 1755 1511 1790 repre->

200 1810 357 1839 sentant
393 1801 432 1837 in
465 1800 772 1848 comparacione
805 1802 854 1837 ad
886 1801 1016 1837 varias
1049 1810 1181 1848 partes
1213 1800 1332 1837 variis
1365 1800 1505 1836 sitibus

199 1860 315 1896 oculo
347 1867 609 1907 presentatas.

257 1918 371 1954 Unde
387 1918 458 1953 hec
473 1915 720 1965 proposicio:
736 1915 946 1953 “Christus
961 1915 1183 1963 pacietur'’,
1195 1927 1271 1963 que
1287 1915 1505 1963 aliquando
1566 1922 1698 1948 Answer
1712 1925 1748 1959 ,to

142 1974 412 2019 3ofuitvera,
451 1974 532 2011 iam
572 1983 627 2010 est
664 1974 774 2019 falsa,
821 1982 857 2009 et
896 1982 1060 2009 econtra
1100 1974 1147 2009 de
1185 1973 1280 2010 ista:
1326 1972 1505 2009 Christus
1538 1955 1774 1982 Bradwardme:

198 2032 452 2080 paciebatur3
507 2041 544 2068 et
588 2031 682 2080 quia
726 2030 911 2077 sciencia,
958 2031 1171 2067 credulitas
1216 2039 1253 2067 et
1296 2030 1505 2079 opiniones

196 2099 329 2127 nostre
362 2098 452 2126 sunt
483 2102 553 2138 per
585 2088 886 2137 proposiciones
909 2088 1153 2135 huiusmodi,
1185 2088 1391 2125 variantur
1413 2101 1506 2125 con-

197 2147 319 2194 tinue,
353 2147 455 2184 sicut
486 2147 592 2184 ille.''

256 2207 305 2242 Et
335 2205 439 2242 inter
471 2205 547 2242 alia
572 2204 678 2241 dicta
702 2204 886 2241 Doctoris
920 2203 1043 2240 miror
1075 2205 1123 2240 de
1155 2203 1232 2240 isto
1264 2216 1345 2240 non
1377 2203 1506 2240 modi-

141 2265 181 2298 35
199 2276 303 2309 cum,
349 2276 439 2300 cum
483 2271 667 2311 patenter
710 2261 890 2311 sequitur
933 2273 977 2297 ex
1020 2261 1136 2298 dictis
1180 2261 1261 2298 suis
1305 2270 1342 2298 et
1386 2262 1505 2309 plana

268 2393 306 2412 12.
327 2384 570 2412 actualissimum
590 2387 690 2411 textus
708 2383 1010 2412 Bradzvardinensis.
1083 2381 1121 2410 13.
1142 2391 1198 2416 pro
1219 2383 1307 2417 signo
1327 2387 1355 2410 et
1374 2383 1506 2410 termino

198 2420 333 2455 quodam
348 2423 430 2446 certo
446 2422 543 2446 textus
556 2419 652 2445 Brad.
709 2426 751 2452 14.
772 2418 809 2445 ad
825 2418 907 2452 quod
924 2426 975 2444 seu
991 2425 1081 2452 quem
1097 2420 1116 2443 t.
1133 2418 1168 2444 Β.
1225 2418 1260 2445 15.
1283 2426 1376 2452 quare
1391 2422 1418 2444 et
1433 2420 1453 2444 t,
1469 2418 1504 2444 Β.

198 2463 238 2489 17.
260 2454 383 2487 scilicet]
405 2453 491 2481 cod.:
512 2454 556 2486 si‚·
575 2453 613 2480 ib.
636 2453 759 2480 relative
773 2456 800 2479 et
815 2452 1023 2487 comparative
1043 2455 1063 2478 t.
1079 2452 1113 2478 Β.
1189 2459 1234 2478 20.
1257 2452 1335 2479 sicut
1355 2461 1412 2479 om.
1434 2455 1453 2479 t.
1469 2452 1504 2479 Β.

196 2497 235 2516 21.
258 2489 433 2521 paciebatur
454 2493 481 2514 et
502 2488 639 2522 pacietur
659 2490 678 2514 t.
694 2488 728 2514 B.
802 2494 848 2520 24.
870 2490 898 2513 et
918 2487 996 2513 sicut
1015 2489 1035 2513 t.
1051 2487 1087 2514 B.
1160 2486 1202 2513 25.
1224 2487 1283 2513 situ
1304 2491 1331 2513 et
1346 2487 1419 2513 haec
1435 2495 1505 2521 pars

196 2528 241 2550 est
262 2523 412 2558 superior,
435 2523 507 2549 liaec
527 2530 599 2549 vero
620 2522 757 2554 inferior,
778 2522 824 2548 vel
846 2521 919 2548 haec
940 2529 1010 2556 pars
1030 2525 1075 2547 est
1095 2520 1190 2556 prior,
1212 2525 1240 2548 et
1261 2521 1333 2548 haec
1354 2521 1506 2556 posterior

197 2566 319 2593 semper
344 2559 363 2584 t.
384 2558 420 2584 Β.
510 2564 554 2592 27.
582 2557 701 2589 sitibus]
730 2555 848 2583 vicibus
872 2558 893 2582 t.
914 2555 950 2582 Β.
1040 2562 1085 2590 29.
1112 2555 1209 2588 Unde]
1237 2563 1330 2590 quare
1356 2559 1384 2582 et
1410 2558 1430 2582 t.
1450 2556 1507 2588 R,-

197 2592 235 2619 z'b.
259 2592 395 2627 pacietur
415 2595 466 2618 aut
487 2591 600 2626 patitur
620 2594 640 2618 t.
660 2591 696 2617 B.
769 2589 815 2617 30.
836 2590 907 2623 iam]
931 2597 1011 2616 nunc
1036 2593 1056 2616 t.
1077 2589 1115 2617 B.
1185 2588 1231 2623 30,
1252 2588 1290 2617 31.
1311 2594 1339 2617 et
1360 2606 1387 2609 ᾖ
1408 2590 1504 2625 pacie-

198 2627 294 2660 batur]
315 2630 344 2653 et
364 2626 438 2653 haec
459 2625 632 2661 propositio
654 2625 796 2653 Christus
825 2624 1011 2659 paciebatur,
1039 2632 1116 2659 quae
1142 2624 1179 2651 ali
1206 2624 1307 2651 uando
1335 2624 1392 2651 fuit
1418 2625 1504 2657 falsa,

197 2668 279 2722 lnunc
299 2665 351 2723 eslt3
363 2669 433 2688 vera
453 2663 473 2687 t.
488 2660 524 2687 Β.
598 2659 635 2691 31,
650 2659 692 2686 32.
715 2659 821 2694 opinio
842 2663 948 2686 nostra
968 2661 988 2685 t.
1008 2658 1044 2685 Β.
1117 2657 1161 2693 32,
1199 2657 1224 2686 3.
1246 2659 1399 2692 continue}
1421 2659 1505 2686 simi-

208 2699 264 2723 1ter
283 2698 303 2722 t.
355 2716 360 2722 .

269 2776 297 2797 2.
324 2766 402 2798 Job.
430 2770 461 2805 9,
488 2767 546 2797 24,
641 2775 672 2807 7.
707 2766 760 2807 Cf.
787 2764 946 2796 Thomae
972 2765 1210 2796 Bradvvardini
1238 2765 1287 2795 De
1314 2774 1417 2795 causa
1442 2765 1504 2795 Dei

174 2813 210 2844 Ἰ
238 2822 282 2853 24
306 2812 386 2853 (Ed.
414 2812 527 2846 Lond.
556 2812 641 2851 243,
658 2811 749 2851 BC).
