2056 3234
258 162 331 188 122
982 165 1205 198 JOHANNIS
1231 167 1400 198 WICLIF
1660 164 1748 192 CAP.
1770 164 1847 191 xm.

540 279 629 318 post
662 270 744 307 eius
778 271 951 319 quietem
998 271 1082 308 sine
1128 272 1313 309 distincto
1349 282 1607 321 premovente
1641 286 1846 321 corpoleo

262 335 287 362 It
307 335 446 362 involves
467 342 506 361 no
540 328 764 365 inanimata
797 338 929 365 autem
955 342 1046 365 cum
1070 330 1319 378 quieverunt,
1354 344 1435 367 non
1469 331 1670 368 sufficiunt
1703 331 1758 368 sic
1790 332 1848 368 in-

267 368 508 432 gloffirffliliscttiffiit
539 386 671 434 cipeie
704 387 868 433 moveri,
903 387 978 423 nisi
1024 397 1258 424 moveantur
1293 391 1341 425 ab
1375 389 1525 425 influxu
1559 389 1629 425 celi
1664 389 1751 437 ipsa
1783 402 1847 437 ge-

251 439 516 509 ᾒὲῖῐῗὲῖἶξιῗθξόέ
537 445 716 481 nerantis
747 446 807 481 vel
840 445 1040 482 adiutorio
1073 446 1312 482 removentis
1346 447 1597 483 obstaculum
1632 447 1846 494 prohibens

275 509 384 536 should
408 517 497 536 move
539 514 560 537 a
593 502 669 538 situ
703 515 819 551 quem
855 511 1062 550 appetunt,
1108 512 1151 540 ut
1190 513 1299 551 patet
1339 505 1383 540 80
1418 504 1664 541 Phisicoium
1702 505 1774 540 320
1809 514 1845 542 et

256 543 515 605 Otssfesselvfjsletfith
542 560 587 596 33
571 563 627 606 30,
654 569 690 597 et
713 564 760 606 40
785 561 833 597 de
857 561 950 597 Celo
975 570 1011 597 et
1038 562 1095 598 50.
1129 562 1317 598 Animata
1348 562 1488 605 eciam,
1523 571 1564 598 ut
1597 562 1733 608 bestie,
1767 576 1846 599 non

291 613 472 682 lfflssgsmffg
537 626 703 665 possunt
727 631 884 655 movere
908 631 948 655 se
972 631 1014 655 ex
1039 620 1330 656 determinante
1363 620 1525 668 proprie
1558 620 1743 666 racionis,
1778 622 1845 658 sed

311 683 452 710 animais.
536 676 596 711 vel
628 686 841 713 moventur
873 686 962 724 post
996 677 1170 725 quietem
1201 679 1249 714 ab
1273 677 1491 714 influencia
1525 678 1611 724 celi,
1645 687 1687 714 ut
1720 679 1845 726 gallus

536 742 651 770 nocte
692 742 825 771 cantat
866 734 1008 771 rariter
1041 744 1078 771 et
1110 735 1299 772 animalia
1332 736 1372 772 in
1403 748 1494 772 vere
1526 735 1755 783 prolificant
1787 737 1847 773 vel

536 792 584 828 ab
618 792 775 829 obiecto
808 792 983 829 sensibili
1017 802 1213 839 movente,
1246 802 1288 830 ut
1322 794 1429 839 finis3
1464 793 1552 830 ideo
1585 793 1680 830 talia
1713 806 1782 842 per
1806 807 1845 830 se

537 858 759 896 moventur,
805 863 894 886 cum
941 850 1017 886 sint
1062 851 1288 888 substancie
1336 863 1541 900 corporee,
1584 852 1774 888 habentes
1806 851 1847 888 in

535 920 575 943 se
608 908 751 955 duplex
782 908 1023 956 principium
1047 909 1106 945 sui
1131 918 1274 946 motus.
1309 910 1445 946 Solum
1470 918 1604 946 autem
1628 909 1846 946 racionalia

535 973 625 1001 sunt
654 965 815 1014 proprie
848 978 890 1002 ex
923 978 963 1002 se
996 966 1178 1013 mobilia;
1212 969 1279 1003 sed
1312 967 1386 1003 ista
1417 967 1618 1004 sentencia
1653 968 1698 1004 80
1723 967 1847 1003 Phisi-

535 1035 672 1059 corum
720 1028 794 1071 270
833 1033 869 1060 et
912 1024 1026 1060 infra.
1078 1026 1131 1060 Ex
1171 1038 1249 1073 qua
1296 1025 1459 1073 planum
1511 1034 1569 1061 est
1612 1025 1847 1062 convincere

535 1081 711 1129 primum
758 1091 968 1127 motorem‚
1015 1095 1057 1118 ex
1103 1096 1183 1130 quo
1228 1096 1346 1119 omne
1392 1092 1545 1119 motum
1581 1092 1763 1120 movetur
1796 1085 1844 1120 ab

534 1139 624 1184 alio,
659 1139 808 1176 scilicet
831 1139 1007 1188 primum
1034 1140 1194 1187 mobile,
1220 1140 1298 1177 sive
1320 1150 1483 1178 vocetur
1504 1140 1691 1177 ultimum
1715 1142 1844 1178 celum

534 1196 613 1233 sive
648 1199 840 1243 mundus3
877 1207 1058 1234 movetur
1091 1211 1185 1246 ergo
1219 1200 1267 1235 ab
1301 1198 1391 1243 alio,
1427 1208 1462 1235 et
1496 1211 1566 1247 per
1598 1211 1845 1248 consequens

255 1250 506 1324 pag‘jrilfflicijussffl
535 1254 636 1302 finis,
670 1255 804 1303 gracia
837 1255 949 1292 cuius
983 1265 1177 1303 movetur,
1224 1265 1281 1293 est
1313 1257 1466 1305 primus
1500 1265 1643 1293 motor.
1707 1259 1754 1293 Et
1786 1257 1845 1293 ul-

281 1320 390 1347 earlier
411 1321 482 1348 than
534 1312 657 1349 terius
679 1326 759 1349 non
783 1314 975 1362 sequitur,
1000 1316 1109 1362 quod
1132 1327 1255 1362 genus
1279 1314 1475 1363 passionis
1498 1314 1547 1351 sit
1570 1314 1679 1362 prius
1702 1327 1845 1363 genere

250 1355 351 1382 action
374 1356 414 1389 (Ρ
437 1356 510 1390 104)-
533 1370 719 1407 accionis.
769 1374 843 1412 Pro
877 1385 955 1420 quo
988 1374 1225 1419 notandum,
1261 1374 1368 1421 quod
1403 1372 1564 1417 moveri,
1598 1372 1843 1420 applicatum

533 1437 575 1464 ut
608 1441 741 1477 supra,
778 1439 834 1466 est
868 1430 1121 1466 communius
1155 1444 1275 1479 quam
1309 1430 1404 1479 pati,
1446 1430 1602 1467 dicente
1633 1430 1845 1467 Aristotele

604 1588 633 1609 2.
661 1578 878 1619 Respexisse
905 1578 1045 1610 videtur
1061 1579 1186 1621 Wiclif
1198 1580 1361 1610 Averrois
1380 1579 1413 1610 in
1431 1579 1541 1610 Arist.
1560 1579 1635 1610 Nat.
1655 1579 1843 1611 Ausc.VIII

532 1635 659 1656 comm.
692 1631 774 1656 sect.
803 1625 842 1657 32
872 1631 904 1656 et
930 1626 969 1658 33
997 1635 1086 1665 quae
1118 1626 1162 1657 ab
1195 1626 1247 1658 ln‘s
1279 1626 1392 1658 verbis
1432 1625 1606 1667 incipiunt
1643 1625 1726 1666 (Ed.
1755 1624 1845 1667 Opp.

533 1671 642 1702 Arist>
674 1672 789 1704 Venet.
819 1671 879 1710 IV,
899 1672 935 1713 f.
962 1672 1073 1712 168¹):
1114 1672 1199 1703 Cum
1232 1671 1433 1704 declaravit
1465 1672 1558 1714 quod
1589 1672 1680 1713 Iapis
1707 1676 1741 1703 et
1767 1672 1843 1704 uni-

531 1717 720 1750 versaliter
756 1727 911 1758 corpora
951 1718 1139 1749 naturalia
1178 1728 1245 1750 non
1286 1723 1472 1750 moventur·
1504 1727 1552 1750 ex
1584 1728 1630 1757 se,
1668 1728 1746 1749 cum
1774 1728 1842 1750 non

530 1763 741 1795 dividantur
767 1764 801 1795 in
831 1768 1003 1796 motorem
1031 1769 1065 1796 et
1091 1768 1238 1802 motum,
1264 1769 1297 1796 et
1323 1765 1417 1806 quod
1446 1769 1598 1805 propter
1624 1765 1689 1797 hoc
1707 1773 1845 1797 necesse

530 1814 592 1849 est,
619 1815 657 1841 ut
683 1814 800 1842 motor
832 1819 952 1842 eorum
981 1811 1027 1842 sit
1052 1812 1276 1843 extrinsecus
1303 1835 1310 1842 .
1331 1836 1338 1843 .
1358 1835 1365 1842 .
1391 1815 1424 1842 et
1447 1811 1540 1852 quod
1565 1811 1630 1842 hoc
1656 1811 1690 1842 in
1719 1810 1767 1842 eis
1793 1815 1843 1843 est

529 1866 594 1897 per
619 1856 816 1897 potentiam
857 1858 1073 1897 naturalem,
1112 1867 1201 1897 quae
1233 1862 1285 1889 est
1318 1857 1352 1889 in
1379 1857 1440 1896 eis,
1480 1861 1517 1889 ut
1551 1862 1762 1889 moveantur
1795 1857 1844 1888 ad

529 1913 594 1935 sua
629 1903 707 1935 Ioca
744 1902 897 1944 propria
1022 1904 1093 1935 vult
1129 1903 1330 1942 declarare,
1374 1904 1466 1946 quod
1503 1903 1652 1935 latentia
1694 1904 1843 1935 motoris

530 1950 680 1981 istorum
707 1953 757 1980 est
785 1950 1023 1981 essentialiter
1049 1974 1055 1981 .
1077 1975 1082 1981 .
1104 1974 1110 1981 .
1140 1954 1212 1982 etc„
1236 1950 1297 1981 Ex
1322 1949 1518 1981 Aristotelis
1544 1950 1595 1980 De
1623 1949 1729 1981 Coela
1753 1959 1842 1990 quae

528 1997 561 2027 in
592 2005 665 2027 rem
693 1994 822 2026 cadere
848 1995 1013 2027 videntur
1039 1997 1265 2028 inveniuntur
1291 1995 1365 2027 libr.
1393 1996 1419 2026 ΙΙ
1445 1995 1465 2027 8
1492 2002 1524 2027 et
1556 1996 1604 2034 13,
1631 1996 1672 2027 ΙΙΙ
1704 2007 1713 2027 1
1746 2002 1778 2027 et
1806 2005 1841 2035 23

529 2046 684 2074 ceterum
725 2041 881 2073 numeris
912 2045 949 2082 4⁰
982 2043 1024 2073 de
1056 2043 1130 2073 celo
1169 2048 1202 2073 et
1229 2041 1272 2074 5ιθ
1305 2052 1464 2074 errorem
1503 2042 1638 2074 subesse
1677 2047 1840 2083 apertum

528 2093 595 2127 est;
634 2088 700 2120 nisi
720 2088 826 2129 forte
852 2089 996 2120 voculas
1023 2089 1065 2119 de
1092 2089 1166 2119 celo
1201 2090 1292 2120 male
1324 2089 1445 2120 illatas
1483 2097 1556 2120 esse
1590 2088 1841 2130 Wiclifiumque

528 2134 863 2166 commemor-avisse
900 2139 1064 2175 putemus
1103 2134 1256 2167 eiusdem
1295 2134 1370 2165 libri
1405 2135 1478 2165 Nat.
1512 2135 1616 2165 Ausc.
1650 2145 1723 2176 cap.
1750 2135 1795 2165 IV
1821 2133 1840 2166 6

529 2180 608 2220 (Ed.
638 2182 723 2212 Par.
753 2180 790 2211 ΙΙ
811 2182 894 2217 349,
922 2182 971 2211 35
998 2180 1079 2221 ss.).·
1116 2179 1248 2212 Καίτοι
1273 2182 1379 2212 τοῦτο
1406 2180 1573 2222 ζητεῖται,
1604 2178 1663 2211 διὰ
1692 2179 1727 2211 τί
1753 2190 1842 2212 ποτε

527 2227 677 2258 κινεῖται
696 2223 747 2262 εἷς
765 2222 828 2258 τὸν
853 2224 977 2257 αὐτῶν
1002 2226 1114 2281 τόπον
1139 2225 1182 2258 τὰ
1208 2229 1330 2267 κοῦφα
1355 2238 1415 2258 και
1440 2224 1484 2257 τὰ
1508 2225 1674 2280 βαρέα..
1695 2251 1701 2257 .
1727 2251 1733 2257 .
1754 2222 1842 2257 ὅταν

527 2283 564 2304 τε
588 2270 654 2315 γὰρ
679 2266 704 2316 ἦ
729 2271 828 2309 ὕδως
853 2271 1004 2314 δυνάμει
1027 2272 1065 2314 γε’
1090 2284 1169 2310 πως
1193 2269 1267 2304 ἐστὶ
1292 2283 1449 2314 κουφον·
1476 2270 1536 2303 καὶ
1553 2269 1642 2304 ὅταν
1640 2270 1727 2318 ἀήρ
1745 2270 1842 2303 ἔστιν

527 2316 578 2349 ἔτι
603 2317 769 2360 δυνάμει·
808 2315 988 2372 ἐνδέχεται
1019 2317 1085 2361 γὰρ
1118 2315 1398 2360 ἐμποδιζόμενον
1429 2316 1477 2360 μὴ
1511 2317 1588 2350 ἄνω
1622 2318 1730 2350 εἰναι·
1769 2317 1841 2350 ἀλλ’

527 2361 591 2396 ἐὰν
616 2363 805 2407 ἀφαιρεθῇ
831 2361 872 2395 τὸ
899 2361 1103 2407 ἐμποδιζον,
1129 2362 1275 2407 ἐνεργεῖ,
1308 2376 1367 2396 και
1392 2362 1448 2396 ἀει
1473 2363 1645 2405 ἀνωτέρω
1672 2363 1838 2406 γίγνεται.

533 2412 686 2444 13.1sta
720 2411 907 2452 sentencia]
940 2412 978 2453 cf
1018 2417 1139 2443 notam
1172 2413 1391 2454 superiorem
1426 2415 1456 2442 et
1490 2411 1593 2444 Arist
1626 2412 1701 2442 Nat.
1736 2412 1838 2442 Ausc.

526 2458 570 2488 IV
602 2469 610 2488 1
644 2458 1057 2495 (Ed.Par.Il348,1
1081 2458 1154 2498 ss).
1298 2467 1351 2488 21.
1390 2458 1443 2497 Cf.
1478 2457 1579 2490 Arist.
1611 2457 1662 2488 De
1683 2467 1772 2507 gen.
1806 2464 1838 2488 et

526 2514 611 2534 corr.
638 2504 660 2543 Ι,
687 2504 745 2535 VII
774 2514 792 2544 7
820 2510 852 2534 et
877 2502 897 2534 8
915 2504 1007 2554 (Ε.ίί
1037 2505 1120 2535 Par.
1147 2504 1285 2541 [1445
1304 2505 1346 2535 17
1364 2503 1445 2541 ss):
1470 2500 1561 2534 Επει
1586 2500 1625 2534 δὲ
1651 2498 1690 2533 τὸ
1716 2505 1840 2534 κινοῦν

527 2547 590 2591 οὐχ
608 2547 743 2590 ομοίως
768 2550 859 2580 κινεῖ
883 2544 922 2580 τὸ
932 2548 1172 2605 κινούμενον,
1198 2547 1284 2580 ἀλλὰ
1310 2545 1350 2580 τὸ
1376 2545 1441 2589 μὲν
1466 2547 1600 2600 ἀνάγκη
1627 2548 1839 2590 κινούμενον

526 2593 585 2626 καὶ
625 2593 714 2627 αὐτὸ
752 2596 863 2627 κινεῖν
900 2590 940 2626 τὸ
979 2594 1010 2626 δ
1042 2594 1213 2637 ἀκίνητον
1251 2594 1303 2636 όν,
1341 2594 1450 2636 δῆλον
1488 2590 1543 2625 ὅτι
1580 2592 1639 2626 καὶ
1676 2591 1734 2626 ἐπι
1772 2597 1835 2627 τοῦ

524 2644 719 2679 ποιοῦντος
743 2638 894 2696 ἐροῦμεν
921 2639 1102 2694 66a2375oe9·
1141 2652 1202 2672 και
1236 2639 1303 2683 γὰρ
1330 2637 1369 2672 τὸ
1396 2642 1520 2672 κινοῦν
1544 2641 1662 2672 ποιεῖν
1686 2639 1721 2672 τί
1744 2651 1835 2681 φασι

524 2699 582 2718 και
609 2683 647 2718 τό
674 2690 803 2719 ποιοῦν
828 2689 947 2719 κινεῖν.
977 2686 1030 2719 Οὐ
1047 2685 1118 2728 μὴν
1136 2684 1222 2718 ἀλλὰ
1241 2685 1413 2738 διαφέρει
1430 2696 1468 2727 γε
1494 2684 1553 2717 καὶ
1579 2685 1634 2718 δεῖ
1651 2685 1832 2728 διορίζειν·

524 2731 568 2764 οὐ
585 2731 651 2774 γὰρ
671 2729 751 2765 οἷόν
768 2744 805 2765 τε
823 2734 896 2764 πᾶν
914 2731 954 2765 τὸ
974 2736 1098 2765 κινοῦν
1114 2734 1243 2774 ποιεῖν,
1263 2731 1361 2774 εἴπερ
1379 2729 1420 2763 τὸ
1439 2734 1570 2764 ποιοῦν
1588 2730 1833 2774 ἅντιθήσομεν

524 2782 572 2823 τῷ
608 2778 795 2823 πάσχοντι·
835 2782 941 2812 τοῦτο
981 2779 1011 2811 δ’
1037 2775 1092 2816 οἷς
1123 2777 1143 2821 ἡ
1175 2778 1312 2820 κίνησις
1343 2777 1481 2815 πάθος·
1521 2777 1643 2815 πάθος
1675 2776 1714 2810 δε
1746 2778 1831 2810 καθ

1866 811 1904 832 IO

1866 1090 1902 1123 15
