2056 3234
229 181 302 216 188

943 187 1166 219 JOHANNIS
1193 188 1360 219 WICLIF
1633 185 1720 213 CAP.
1742 186 1821 213 XIX.

510 294 595 328 Ade
630 292 828 328 contraxit
861 302 1072 341 peccatum
1118 294 1167 329 ab
1212 293 1293 339 illo,
1343 305 1433 329 cum
1464 295 1683 342 Apostolus
1716 294 1823 331 dicat

510 349 642 398 prima
675 352 725 387 ad
759 352 850 387 Cor.
883 351 951 386 150
990 350 1127 397 „Sicut
1158 350 1199 387 in
1230 352 1360 387 Adam
1401 364 1540 387 omnes
1581 351 1821 398 moriuntur,

510 408 565 444 ita
599 408 638 443 in
672 409 832 445 Christo
872 421 1011 445 omnes
1050 408 1400 446 vivificabuntur''.
1447 411 1495 445 Et
1534 411 1585 446 ad
1617 411 1740 446 Hebr.
1777 414 1822 458 70

510 466 607 502 dicit
641 466 733 502 Levi
767 466 990 503 decimatus
1029 466 1102 502 fuit
1134 466 1174 502 in
1206 466 1352 503 lumbis
1384 468 1557 514 Abrahe,
1597 480 1670 504 nec
1708 467 1824 504 aliter

509 525 697 572 loquetur
742 525 864 561 homo
910 533 1059 573 quante
1104 533 1265 572 oportet
1308 524 1518 562 veritatem
1565 526 1612 561 de
1656 528 1856 573 peccat05

509 581 709 630 originali,
745 583 793 618 de
827 582 1027 619 medicina
1051 591 1089 619 et
1113 584 1160 619 de
1184 582 1468 631 redempcione
1501 595 1571 631 per
1594 583 1822 631 passionem

510 649 546 676 et
580 640 700 676 fidem
734 639 895 686 Christi,
929 653 1005 689 que
1039 641 1164 677 multa
1197 640 1350 677 faciunt
1383 641 1578 677 distancia
1610 641 1824 689 temporali

510 699 557 733 ab
592 697 761 743 eisdem3
809 707 846 735 et
886 698 1081 746 quotlibet
1121 698 1228 735 dicta
1267 698 1468 747 scriptura
1507 708 1652 735 sonant
1690 708 1824 747 patres

509 755 642 803 puniri
675 755 717 792 in
751 756 866 801 filios,
901 765 944 792 ut
976 765 1086 804 patet
1119 756 1388 793 Ecclesiastici
1424 757 1481 793 30.
1526 759 1631 805 Ergo
1665 766 1824 805 oportet

509 822 720 861 peccatum
756 813 855 850 illud
886 814 1018 851 facere
1051 827 1171 851 omne
1193 823 1405 863 peccatum
1430 815 1623 863 originale
1645 814 1823 851 futurum
1844 827 1883 847 10

509 871 639 919 primo
684 884 755 919 per
793 885 918 908 unum
965 872 1169 909 hominem
1215 881 1252 909 et
1289 872 1538 920 postliminio
1577 885 1648 920 per
1687 872 1823 919 alium,

508 942 590 966 non
629 930 772 976 solum,
818 931 927 978 quod
972 940 1182 978 peccatum
1223 943 1338 967 suum
1373 930 1446 967 erit
1477 931 1537 967 vel
1577 930 1651 967 fuit
1691 943 1824 976 causa,

509 999 634 1035 quare
657 989 847 1035 peccabo,
882 987 922 1024 id
952 998 1022 1034 est,
1057 988 1150 1037 quia
1185 989 1273 1034 hoc,
1309 1001 1399 1025 cum
1433 988 1482 1025 sit
1515 997 1711 1035 eternum,
1744 1001 1826 1025 non

510 1044 679 1093 requirit
719 1057 883 1082 causam
923 1047 1190 1095 temporalem
1224 1048 1275 1083 ad
1307 1059 1423 1083 suum
1465 1059 1560 1093 esse,
1608 1048 1678 1083 sed
1717 1048 1825 1095 quod

509 1103 592 1151 ipse
640 1105 846 1151 peccando
890 1104 982 1141 fecit
1027 1113 1181 1142 remote
1227 1117 1289 1141 me
1334 1117 1514 1152 peccare,
1566 1107 1648 1141 Nec
1693 1108 1881 1153 potest15

510 1161 691 1205 concedi,
726 1164 833 1210 quod
856 1162 956 1198 illud
979 1171 1190 1210 peccatum
1218 1162 1396 1199 causavit
1429 1171 1641 1210 peccatum
1675 1175 1823 1207 meum,

509 1218 584 1255 nisi
629 1219 747 1256 fuerit
791 1220 859 1266 ita,
913 1222 1022 1269 quod
1068 1230 1205 1257 causat
1250 1229 1460 1268 peccatum
1510 1233 1645 1257 meum
1686 1216 1691 1272 Ι
1733 1233 1823 1257 cum
1842 1224 1977 1258 F.235‘

510 1289 675 1313 causare
720 1277 818 1314 illud
862 1278 943 1315 sive
986 1278 1119 1326 fuerit,
1165 1278 1244 1315 sive
1288 1278 1509 1315 successive
1548 1278 1823 1315 denominavit

509 1334 733 1371 subiectum
775 1337 821 1372 de
855 1337 1029 1384 presenti
1073 1337 1203 1373 facere
1248 1337 1374 1373 multa
1418 1337 1524 1373 mala
1567 1349 1648 1373 non
1691 1337 1821 1373 solum

509 1393 598 1444 sibi,
632 1394 700 1429 sed
732 1393 1035 1442 suis‘posteri53
1070 1404 1106 1431 et
1130 1408 1220 1432 cum
1244 1394 1443 1443 sequitur:
1478 1407 1599 1431 causa
1624 1403 1694 1445 est,
1729 1407 1822 1442 ergo
1840 1408 1882 1429 20

509 1464 625 1487 suum
667 1461 874 1489 causatum
915 1461 985 1496 est,
1031 1461 1153 1501 patet,
1198 1454 1307 1501 quod
1346 1452 1536 1489 continue
1574 1453 1712 1489 fuisset
1751 1454 1823 1488 hec

510 1509 740 1557 proporcio.
787 1510 843 1546 sic
876 1510 1140 1558 significando
1174 1512 1249 1547 hoc
1282 1520 1492 1559 peccatum
1533 1520 1590 1547 est
1629 1523 1824 1559 quocum-

510 1580 586 1615 que
633 1567 768 1604 futuro
818 1570 1064 1606 denotando.
1116 1569 1243 1605 Aliter
1287 1568 1391 1605 enim
1438 1570 1663 1605 notandum
1710 1577 1824 1616 esset,

510 1626 618 1673 quod
652 1638 790 1662 omnes
822 1626 970 1663 fuimus
1004 1627 1252 1675 originaliter
1275 1627 1315 1663 in
1338 1626 1469 1675 primo
1502 1636 1681 1675 parente,
1715 1627 1824 1675 quod

512 1683 603 1719 Levi
637 1683 860 1721 decimatus
894 1694 951 1722 est
984 1685 1024 1721 in
1056 1685 1204 1722 lumbis
1237 1686 1409 1731 Abrahe,
1450 1694 1486 1721 et
1519 1684 1574 1721 sic
1607 1686 1654 1721 de
1689 1684 1824 1721 multis
1841 1688 1880 1720 25

512 1741 710 1778 concessis
750 1741 790 1778 in
822 1743 1102 1790 predicacione
1147 1744 1368 1780 secundum
1414 1756 1591 1780 causam.
1641 1745 1723 1779 Nec
1767 1750 1825 1779 est

512 1800 622 1835 color
646 1800 835 1848 negandi,
870 1801 979 1849 quin,
1014 1801 1045 1837 si
1068 1803 1100 1837 A
1124 1810 1261 1838 causat
1283 1803 1312 1838 Β
1336 1810 1374 1838 et
1397 1800 1567 1838 cessabit
1591 1813 1755 1838 causare
1779 1803 1823 1846 B,

512 1857 608 1905 quin
632 1866 725 1894 tunc
749 1859 778 1893 B
802 1858 876 1894 erit
900 1868 1108 1896 causatum
1133 1860 1181 1896 ab
1205 1861 1251 1906 A,
1285 1859 1379 1907 quia
1411 1868 1505 1895 tunc
1538 1858 1654 1896 aliter
1676 1858 1824 1895 relacio

512 1915 797 1963 equiparancie
836 1918 965 1953 solum
1006 1931 1129 1953 unum
1171 1927 1392 1953 extremum
1433 1918 1610 1964 haberet,
1654 1926 1691 1953 et
1735 1925 1826 1964 post

512 1972 707 2021 inciperet
745 1975 892 2011 relacio
933 1975 1088 2023 passiva
1122 1975 1430 2023 impertinenter
1462 1976 1512 2011 ad
1545 1974 1825 2011 causacionem
1843 1980 1885 2012 30

512 2031 703 2079 priorem.
737 2034 852 2079 Ymo,
887 2042 930 2069 ut
962 2033 1140 2081 sophiste
1164 2042 1350 2081 arguunt,
1375 2042 1518 2069 neutra
1541 2032 1701 2069 illarum
1727 2034 1827 2069 rela-

512 2089 674 2125 cionum
698 2099 828 2137 potest
852 2103 948 2137 esse,
984 2100 1026 2127 ut
1050 2091 1296 2136 conceditur,
1326 2092 1433 2139 quod
1458 2093 1563 2127 Deus
1587 2090 1721 2139 aliqua
1745 2092 1825 2127 duo

512 2147 652 2195 incipit
676 2150 912 2197 producere,
947 2158 983 2185 et
1007 2149 1038 2185 si
1062 2149 1233 2185 alterurn
1257 2148 1420 2185 illorum
1450 2158 1551 2185 esset
1583 2150 1825 2197 productum

511 2205 571 2241 vel
595 2206 799 2253 cognitum
824 2208 873 2242 ab
897 2219 957 2253 eo,
981 2206 1066 2255 ipse
1088 2220 1170 2244 non
1193 2216 1308 2254 esset,
1331 2208 1647 2243 demonstrando
1671 2216 1825 2243 motum

512 2263 780 2300 successivum
813 2264 1071 2312 incipientem
1108 2277 1206 2311 esse,
1240 2274 1277 2301 et
1310 2266 1385 2301 hoc
1417 2265 1585 2309 instans,
1620 2274 1657 2300 et
1690 2264 1744 2301 sie
1778 2266 1825 2301 de
1843 2269 1882 2301 35

513 2321 649 2357 multis
666 2322 846 2358 onerosis
862 2322 1407 2371 conclusionibus,inquibus
1423 2322 1590 2359 sollicite
1606 2322 1827 2371 illaqueant

512 2380 721 2427 theologos
748 2379 972 2428 imperitos.
1008 2382 1100 2417 Ideo
1135 2382 1437 2417 concedendum
1472 2389 1529 2416 est
1562 2380 1699 2417 omnia
1731 2380 1826 2417 talia

513 2449 596 2473 esse
615 2437 655 2473 in
673 2446 855 2485 tempore
874 2451 947 2474 suo
967 2447 1003 2474 et
1022 2452 1145 2474 unum
1167 2439 1323 2475 causari
1342 2451 1416 2486 pro
1435 2447 1630 2486 tempore,
1648 2451 1727 2486 quo
1746 2451 1826 2474 non

514 2496 633 2531 habet
657 2508 740 2531 esse
764 2496 943 2541 existere,
968 2498 1036 2533 sed
1060 2509 1143 2533 esse
1167 2496 1206 2532 in
1231 2496 1417 2544 potencia
1450 2497 1509 2532 vel
1542 2496 1825 2541 intencionale,

513 2552 614 2589 sicut
638 2553 834 2601 quidlibet
862 2563 1017 2590 tantum
1048 2556 1165 2590 babet
1194 2567 1277 2590 esse
1306 2563 1502 2599 eternum,
1532 2563 1568 2590 et
1594 2563 1687 2590 tunc
1711 2554 1826 2590 facile
1840 2568 1885 2598 40

515 2620 571 2646 est
604 2611 727 2647 libere
758 2613 1001 2659 respondere
1033 2612 1073 2648 in
1100 2612 1175 2648 ista
1203 2611 1385 2658 materia,
1419 2612 1521 2648 sicut
1548 2612 1588 2648 in
1615 2611 1824 2648 similibus.

585 2742 617 2760 ιι.
643 2733 737 2761 Cod.:
766 2735 913 2768 postlun‘.

586 2815 614 2836 2.
644 2805 668 2837 Ῑ.
698 2807 779 2838 Cor.
806 2808 858 2843 15,
885 2809 940 2838 22.
1040 2807 1068 2839 3.
1095 2807 1204 2838 Hebr.
1232 2806 1302 2837 VII
1325 2809 1355 2839 9.
1452 2817 1483 2849 ς).
1513 2807 1591 2839 Ecc.
1620 2809 1654 2847 5',
1684 2809 1725 2840 II.
