2056 3234
554 906 806 958 CAPUT
843 906 1147 958 NONUM.

47 1045 181 1077 F-208¹
255 1049 388 1084 Restat
426 1056 516 1095 post
555 1056 773 1084 tractatum
814 1048 862 1083 de
900 1047 1100 1083 relacione
1139 1056 1313 1084 tractare
1348 1049 1394 1084 de
1434 1061 1498 1085 ac·
1544 1055 1708 1083 Definition
1729 1057 1765 1084 of

197 1105 311 1141 cione
351 1118 410 1152 eo,
450 1106 558 1153 quod
596 1117 718 1152 genus
758 1104 931 1141 accionis
970 1105 1203 1141 immediate
1242 1105 1420 1154 sequitur
1456 1119 1499 1142 ex
1595 1095 1708 1118 aenon.

195 1175 338 1211 genere
372 1162 596 1208 relacionis,
632 1175 720 1198 cum
755 1175 836 1198 non
868 1171 945 1198 stat
978 1163 1139 1210 plenum
1174 1176 1297 1210 genus
1330 1164 1498 1200 relacio-

162 1221 255 1256 5nis
288 1221 383 1268 poni
416 1220 456 1256 in
488 1220 747 1256 universitate
780 1229 926 1266 creata,
961 1220 1037 1256 nisi
1071 1229 1262 1269 sequatur
1295 1221 1418 1258 accio.

253 1278 386 1314 Primo
418 1287 554 1315 tamen
587 1279 806 1326 detegenda
841 1286 897 1314 est
927 1278 1184 1326 equivocacio
1217 1278 1329 1326 signo
1362 1279 1497 1315 termi-
1586 1286 1655 1326 Itflis
1676 1294 1713 1313 an

194 1348 353 1372 norum.
399 1338 468 1371 Est
506 1335 610 1372 enim
652 1348 768 1383 agere
805 1337 866 1372 vel
907 1335 1017 1372 accio
1062 1337 1253 1384 analoyce
1291 1337 1351 1373 vel
1391 1349 1498 1373 com·
1566 1322 1734 1383 :mamni

197 1393 432 1429 munissime
465 1402 629 1441 accepta
662 1393 700 1428 id
734 1406 812 1441 quo
846 1393 1010 1441 aliquod
1044 1406 1110 1429 ens
1147 1394 1371 1430 formaliter
1403 1395 1496 1442 agit.

197 1452 274 1487 Sed
317 1450 428 1487 accio
471 1450 696 1487 formaliter
735 1451 856 1497 dicta,
901 1459 944 1486 ut
988 1459 1045 1487 est
1090 1463 1226 1499 genus,
1274 1461 1331 1488 est
1369 1452 1499 1488 forma

141 1520 179 1541 10
196 1509 469 1554 accidentalis,
523 1509 743 1544 secundum
802 1521 921 1556 quam
979 1509 1210 1545 substancia
1266 1519 1323 1545 est
1379 1522 1498 1557 agens

196 1566 420 1602 formaliter
465 1566 505 1602 in
549 1579 664 1602 suum
712 1579 887 1614 passum.
941 1568 1014 1602 Per
1058 1567 1232 1614 primum
1278 1568 1499 1604 excluditur

195 1624 325 1660 forma
365 1623 645 1660 substancialis
691 1633 727 1660 et
766 1624 1076 1660 instrumentum
1123 1625 1404 1662 substanciale.
1450 1627 1498 1661 Et

194 1694 264 1729 per
286 1683 505 1718 secundum
540 1681 762 1717 excluditur
785 1681 970 1729 qualitas,
1004 1690 1048 1717 ut
1070 1682 1257 1730 potencia
1289 1682 1496 1727 naturalis,

193 1739 253 1775 vel
277 1739 448 1787 qualitas
477 1738 689 1782 sensibilis,
724 1747 761 1775 et
784 1739 948 1786 relacio,
981 1748 1025 1776 ut
1047 1740 1264 1788 proposcio
1286 1741 1347 1777 vel
1371 1735 1499 1789 appli—

141 1798 177 1830 15
195 1797 305 1833 cacio
348 1806 384 1833 et
423 1809 676 1845 quecumque
714 1797 843 1833 forma
882 1796 1098 1845 disponens
1136 1798 1406 1834 substanciam
1448 1799 1498 1834 ad

193 1855 410 1902 agendum3
444 1854 545 1891 sicut
578 1854 681 1890 enim
716 1855 868 1890 nullum
903 1855 1024 1890 trium
1059 1855 1239 1903 priorum
1279 1865 1336 1892 est
1369 1856 1499 1892 forma

193 1912 464 1958 accidentalis,
497 1912 552 1948 sic
574 1912 727 1948 nullum
763 1912 931 1948 istorum
955 1912 1074 1948 trium
1099 1925 1289 1960 generum
1315 1922 1384 1959 est,
1419 1926 1497 1961 quo

191 1969 414 2006 formaliter
452 1969 682 2006 substancia
716 1971 931 2006 denotatur
970 1983 1099 2018 agere.
1147 1973 1195 2006 Et
1227 1984 1297 2019 per
1329 1971 1497 2007 tercium

193 2028 456 2064 excluduntur
489 2036 601 2064 actus
635 2027 916 2074 immanentes,
951 2041 973 2064 a
1006 2028 1148 2076 quibus
1171 2041 1252 2065 non
1284 2029 1498 2077 paciuntur

136 2095 263 2121 20sua
314 2085 493 2121 subiecta
541 2094 583 2121 ut
627 2085 871 2122 huiusmodi.
927 2087 1040 2122 Unde
1084 2085 1314 2134 philosophi
1359 2086 1497 2123 univo—

191 2152 325 2179 cantes
358 2143 397 2179 in
431 2155 560 2190 agere,
595 2144 702 2190 quod
727 2143 833 2179 dicat
867 2142 1177 2191 disposicionem
1208 2144 1497 2180 accidentalem

189 2214 259 2248 per
292 2213 332 2236 se
354 2200 594 2246 substancie,
628 2209 664 2236 et
687 2200 952 2248 intelligentes
975 2201 1093 2237 istum
1118 2201 1335 2237 terminum
1360 2215 1496 2238 secun-

191 2260 298 2304 dum,
316 2267 357 2294 ut
382 2266 603 2295 connotant
627 2257 976 2295 circumstanciam
996 2271 1112 2295 cause
1128 2259 1322 2306 formalis,
1340 2260 1496 2297 brevius

189 2316 423 2364 loquuntur,
448 2317 515 2352 sed
531 2317 580 2352 ad
605 2317 771 2352 eundem
798 2328 970 2362 sensum,
996 2318 1104 2365 quod
1129 2316 1239 2353 accio
1263 2325 1334 2363 est,
1358 2330 1496 2353 secun-

135 2374 173 2405 25
191 2374 283 2409 dum
324 2386 444 2421 quam
483 2373 712 2410 substancia
753 2373 900 2410 dicitur
940 2386 1055 2421 agere
1094 2374 1134 2410 in
1173 2374 1418 2421 subiectum3
1460 2383 1496 2411 et

192 2430 285 2479 quia
330 2432 369 2467 in
413 2431 576 2468 homine
621 2439 678 2467 est
723 2444 842 2468 omne
881 2444 1003 2479 genus
1048 2432 1277 2468 substancie
1316 2433 1418 2469 sicut
1459 2441 1496 2469 et

190 2488 377 2526 accionis.
441 2490 533 2525 Ideo
583 2490 711 2525 Autor
763 2491 835 2525 Sex
887 2489 1182 2537 principiorum
1236 2490 1496 2526 conformiter

189 2548 238 2582 ad
282 2546 551 2592 Aristotelem,
599 2546 888 2582 describentem
936 2547 1186 2595 qualitatem,
1233 2547 1342 2593 dicit,
1387 2549 1495 2596 quod

258 2674 304 2701 24.
330 2667 402 2694 Cod.
414 2676 424 2693 :
445 2667 590 2703 loquitur.

260 2748 312 2780 27.
341 2739 394 2781 Cf.
422 2739 563 2770 Gilberti
602 2739 777 2771 Porretani
811 2741 876 2771 Sex
908 2740 1159 2782 Principiorum
1194 2740 1280 2781 Lib„
1316 2751 1389 2782 cap.
1423 2741 1493 2773 init.

190 2784 274 2821 (Ed.
299 2786 444 2817 Aristot.
472 2785 585 2817 Venet.
613 2785 633 2817 Ι
656 2786 731 2827 32).
757 2786 860 2817 Arist.
887 2786 960 2818 Cat.
975 2786 1019 2817 VI
1048 2786 1147 2828 [VIII]
1167 2786 1259 2841 (Ed.
1287 2788 1371 2819 Par
1400 2787 1418 2818 I
1440 2789 1494 2827 13,

189 2831 213 2860 7
189 2830 309 2872 739..)
335 2828 519 2873 Ποιότητα
544 2829 583 2862 ὁὲ
607 2830 708 2873 λέγω,
734 2831 818 2863 καθ’
836 2828 881 2873 ἣν
905 2830 1006 2864 ποιοί
1029 2842 1123 2869 τινες
1148 2826 1239 2864 εἶναι
1263 2831 1433 2874 λέγονται.
