2056 3234
795 183 1035 213 GENERAL
1060 182 1226 213 INDEX.

139 289 407 330 Proposiciones
434 288 627 327 kategorice
655 294 731 325 239,
760 292 788 325 5.

142 353 183 358 —-—
210 334 407 376 ypothetice
435 342 510 373 233,
538 341 567 363 2.

138 399 182 404 —
208 399 251 403 —-
276 390 390 411 earum
416 379 547 421 species
575 386 652 418 233,
680 386 716 414 2;
744 386 820 416 240,
848 378 890 407 26
917 387 959 407 ss.

140 445 183 449 —
210 445 250 449 -
279 445 321 449 -
347 444 390 449 —-
415 436 538 456 novem
564 432 640 463 241,
671 431 708 464 15
737 434 779 455 ss.

136 473 335 514 Proprietas
362 471 622 513 perfeccionalis
648 471 725 507 282,
752 477 782 501 2.

135 519 289 549 Punctus
315 522 348 549 et
373 517 516 557 angulus
542 525 573 555 2,
602 525 653 556 19.

136 657 293 697 Qualitas
326 655 469 697 suscipit
494 654 601 694 magis
628 658 661 685 et
690 654 799 684 minus
826 653 880 691 28,
909 653 962 684 28.

137 703 330 743 Qualitates
357 702 410 740 26,
437 709 491 741 30.

138 749 289 788 Quando
322 758 423 779 omne
457 756 609 789 presens,
636 745 846 787 preteritum,
874 745 963 775 futu-

208 805 279 825 ram
308 802 359 833 10,
386 802 416 825 2.

138 841 320 881 Quantitas
345 840 387 879 48
413 850 457 871 ss.

138 905 181 910 —-
207 887 330 917 dicitur
355 885 589 926 multipliciter
614 885 668 924 48,
698 892 749 915 12.

138 951 180 955 -—
205 933 297 963 basis
330 932 471 963 cuilibet
502 931 598 962 alteri
629 931 797 962 accidenti
828 931 883 969 48,
913 938 962 961 11.

138 979 438 1009 —immediatum
475 981 507 1008 et
540 977 734 1019 proximum
767 987 874 1017 genus
909 987 962 1007 ac-

207 1025 336 1056 cidenti
361 1025 415 1063 48,
443 1032 473 1055 2.

139 1089 165 1092 —
204 1071 276 1102 eius
324 1081 433 1111 genus
483 1071 605 1102 dividit
647 1069 856 1101 Aristoteles
904 1079 964 1110 per

202 1117 338 1157 signum
363 1118 475 1148 neutri
501 1117 634 1157 generis
659 1124 716 1155 49,
745 1124 795 1154 14,

136 1255 313 1286 Raciones
339 1255 476 1296 ydeales
503 1254 667 1285 altissime
693 1264 794 1284 cause
814 1260 890 1294 275,
909 1261 962 1294 27.

135 1301 285 1332 Relacio
311 1301 387 1332 vide
412 1302 518 1332 Deus.

137 1365 181 1370 —
206 1347 395 1387 Augustini
427 1347 470 1377 de
502 1358 541 1378 ea
572 1347 740 1377 sententia
765 1354 819 1387 70,
845 1353 889 1385 30
920 1355 963 1377 ss.

138 1411 182 1416 -—
207 1393 367 1424 Anselmi
393 1393 435 1423 de
462 1403 500 1423 ea
525 1393 697 1424 sentencia
723 1400 776 1433 72,
807 1393 846 1423 16
874 1402 917 1423 ss.

142 1458 185 1462 —
211 1440 355 1470 aliorum
393 1440 435 1470 de
473 1450 512 1470 ea
548 1440 724 1470 sentencie
761 1447 815 1480 73,
848 1445 865 1479 5
899 1448 962 1474 ss.;

209 1492 263 1526 75,
292 1493 327 1525 13
355 1492 408 1526 75,
437 1486 490 1516 26*

140 1550 180 1554 —
209 1532 292 1572 quid
319 1532 373 1572 76,
402 1539 416 1561 1
445 1541 489 1563 ss.

139 1596 181 1600 —
208 1588 343 1609 omnem
369 1582 556 1608 creaturam
580 1578 734 1619 precedit
759 1585 814 1616 44,
843 1585 893 1607 10.

140 1642 180 1646 -
207 1624 363 1655 raciones
388 1624 526 1665 ydeales
553 1624 630 1662 261,
657 1632 710 1663 34.

140 1689 182 1692 —
208 1688 250 1693 —
275 1688 319 1693 —
344 1674 421 1701 sunt
458 1670 590 1701 radices
627 1670 761 1701 encium
799 1669 875 1707 261,
910 1677 962 1708 34.

139 1735 181 1739 -ν-
207 1717 359 1747 omnium
384 1717 492 1757 prima
517 1716 686 1757 equalitas
713 1716 766 1754 64,
796 1722 847 1755 15.

142 1781 180 1785 —-—
207 1762 348 1793 relativa
365 1766 511 1803 possunt
529 1763 616 1793 sumi
634 1763 800 1803 equivoce
816 1762 869 1801 65,
887 1769 901 1791 1
919 1771 961 1792 ss.

141 1827 172 1831 -
207 1808 412 1840 relationum
449 1813 598 1839 extrema
630 1812 814 1849 aggregata
846 1808 899 1847 63,
932 1815 961 1837 2.

140 1873 178 1877 -—-
207 1854 410 1885 relacionem
424 1865 494 1886 non
507 1855 613 1885 habet
627 1854 823 1885 substancia
837 1861 890 1893 43.
907 1854 961 1893 36.

138 1920 181 1923 ——
207 1901 429 1941 consequitur
460 1902 503 1931 ad
535 1901 761 1942 quantitatem
794 1904 827 1931 et
858 1900 963 1940 quali-

209 1950 311 1977 tatem
337 1947 373 1977 in
398 1957 521 1987 genere
547 1947 744 1978 substancie
770 1947 824 1984 60,
851 1954 881 1979 2.

140 2011 173 2016 -—
209 1993 320 2023 differt
345 2003 363 2023 a
389 1994 579 2034 quantitate
606 1997 637 2024 et
663 1993 828 2034 qualitate
855 1993 907 2031 61,
928 1993 962 2032 83

209 2039 263 2080 67,
290 2046 343 2070 20.

140 2103 181 2107 —
208 2103 250 2107 —
276 2085 318 2115 ab
345 2086 486 2116 accione
512 2089 545 2115 et
571 2085 732 2126 passione
759 2085 813 2126 67,
840 2085 893 2118 28,

138 2149 181 2154 --
207 2149 249 2153 -
276 2131 319 2161 ab
343 2131 403 2161 ubi
429 2132 482 2172 67,
508 2139 562 2171 30.

139 2195 180 2200 —
205 2195 248 2199 —
274 2187 293 2207 a
318 2177 458 2217 quando
485 2178 538 2215 68,
568 2183 619 2217 15.

141 2242 180 2245 —
206 2241 251 2246 —
277 2233 296 2254 a
320 2223 497 2264 posicione
523 2223 576 2261 68,
607 2223 658 2253 16.

138 2287 180 2292 —
207 2269 255 2299 sic
273 2269 429 2310 procedit
446 2269 511 2300 alia
529 2279 585 2299 sex
603 2279 728 2307 genera
746 2273 964 2310 respectuum

196 2315 261 2352 ,68,
289 2323 331 2354 30
357 2325 418 2351 sss
445 2316 489 2357 cf.
516 2315 570 2353 62,
598 2323 627 2345 2.

138 2379 180 2383 —
217 2361 424 2392 relacionum
460 2361 585 2402 triplex
622 2361 787 2391 maneries
818 2362 853 2391 in
885 2362 963 2391 Deo

207 2407 260 2446 69,
289 2414 326 2447 15

139 2471 179 2475 —
208 2453 359 2493 quinque
392 2452 581 2484 relaciones
606 2452 695 2483 inter
721 2462 887 2494 personas
913 2452 963 2482 di-

208 2499 304 2529 vinas
332 2499 385 2538 69,
413 2507 465 2539 27.

138 2547 212 2575 Res
240 2545 293 2585 76,
320 2553 361 2584 23
389 2555 433 2576 ss.

142 2609 183 2613 —
210 2594 321 2621 creata
352 2591 457 2622 habet
492 2594 654 2631 quattuor
680 2590 807 2630 gradus
834 2590 962 2631 produ-

207 2637 307 2667 cendi
335 2637 409 2675 146,
436 2645 455 2678 7
482 2647 526 2668 ss.

138 2682 267 2713 Ridere
294 2683 378 2723 quid
406 2683 479 2722 136,
508 2690 538 2723 7.

139 2728 247 2759 Risus
273 2728 357 2768 quid
386 2729 460 2768 138,
488 2736 542 2767 23.

139 2773 336 2805 Risibilitas
365 2782 438 2813 129⁷
467 2781 502 2814 53
529 2774 608 2805 ibid.
635 2782 664 2814 7.

1784 173 1855 208 311

1035 286 1161 325 Sargae
1189 285 1227 326 (Ρ)
1256 291 1332 325 215,
1359 286 1413 316 26.

1034 331 1190 362 Sciencie
1216 331 1423 362 doctrinales
1450 338 1502 371 54,
1531 338 1586 367 12;
1617 337 1669 371 55,
1695 339 1716 370 4
1742 340 1785 362 ss.

1034 377 1142 417 Signa
1171 377 1223 414 16,
1249 384 1302 416 23.

1035 441 1076 444 —
1102 424 1267 463 equivoca
1293 422 1480 454 secundum
1507 426 1573 453 tres
1599 422 1723 462 gradus
1749 430 1803 461 21,
1832 429 1862 462 5.

1035 469 1373 509 Sincathegoremata
1402 469 1476 509 187,
1503 469 1557 502 28.

1035 515 1228 546 Sinderesis
1256 515 1330 552 116,
1360 522 1412 546 11.

1035 561 1100 591 Sor
1125 568 1176 591 est
1201 561 1311 592 omnis
1337 560 1442 592 homo
1469 561 1545 601 208,
1575 568 1629 600 19.

1039 625 1075 629 —
1105 607 1217 637 differt
1243 617 1262 637 a
1287 611 1378 638 sorte
1403 607 1545 638 sedente
1572 607 1648 645 282,
1678 614 1730 646 19.

1041 671 1073 675 —-
1104 653 1217 691 currit,
1242 663 1313 684 non
1338 653 1441 684 currit
1469 653 1544 694 287,
1570 660 1591 691 4
1618 663 1663 684 ss.

1035 699 1175 740 Species
1202 699 1332 729 habent
1357 699 1519 730 noticiam
1544 700 1593 730 rei
1619 706 1695 738 305,
1725 706 1777 730 21.

1035 745 1144 786 Spera
1170 745 1254 785 quid
1281 746 1333 785 56,
1363 753 1416 776 20.

1035 791 1178 832 Sperma
1203 792 1281 823 vide
1306 801 1390 822 mas.

1035 836 1147 878 Stirps
1178 847 1303 868 nomen
1333 837 1612 875 monosillabum,
1642 839 1678 867 in
1709 847 1779 878 quo
1805 847 1861 868 sex

1104 884 1217 914 littere
1243 883 1452 923 conglobate
1481 884 1533 921 18,
1562 890 1613 914 11.

1035 929 1240 960 Substancia
1265 929 1344 961 vide
1368 930 1485 968 homo,
1510 928 1610 970 lapis,
1634 929 1777 970 lignum.

1037 994 1074 998 ——
1105 976 1189 1016 quid
1215 976 1268 1015 38,
1296 982 1336 1016 25
1364 985 1408 1007 ss.

1042 1040 1074 1043 —
1103 1022 1375 1063 quadrupliciter
1420 1022 1563 1053 sumitur
1611 1022 1654 1061 36
1703 1032 1747 1054 ss.
1792 1022 1862 1053 and

1105 1073 1185 1100 note
1212 1072 1246 1099 to
1273 1069 1343 1100 line
1368 1074 1421 1108 25.

997 1113 999 1116 ’
1039 1133 1077 1137 --
1102 1114 1195 1145 basis
1221 1114 1379 1145 omnibus
1405 1113 1479 1144 aliis
1504 1121 1559 1153 43,
1587 1114 1617 1145 8.

1037 1180 1076 1183 -
1103 1160 1332 1202 presupponit
1380 1170 1477 1191 suum
1525 1170 1599 1191 esse
1639 1160 1858 1201 intelligibile

1106 1210 1262 1237 eternum
1287 1213 1342 1247 45,
1369 1213 1399 1246 5.

1037 1272 1076 1275 -
1104 1253 1213 1294 prima
1238 1253 1433 1292 cathegoria
1460 1253 1490 1289 6,
1518 1260 1548 1284 2.

1037 1318 1076 1321 —
1102 1299 1249 1340 primum
1275 1299 1429 1329 omnium
1455 1309 1619 1338 generum
1648 1306 1699 1337 10,
1727 1306 1780 1338 29.

1035 1363 1077 1367 —
1104 1355 1166 1386 per
1190 1355 1225 1376 se
1250 1355 1309 1375 ens
1338 1345 1389 1382 18,
1416 1352 1470 1384 29.

1035 1409 1078 1414 -—
1104 1391 1188 1431 quid
1210 1391 1337 1421 habeat
1363 1391 1416 1428 28,
1446 1391 1485 1421 16
1512 1401 1556 1423 ss.

1036 1455 1079 1460 --
1104 1438 1175 1468 eius
1201 1437 1292 1468 racio
1319 1444 1362 1477 34
1388 1447 1450 1475 ss.;
1478 1438 1531 1478 38,
1561 1443 1612 1477 15.

1036 1502 1075 1505 —
1103 1483 1213 1525 prima
1239 1484 1315 1524 287,
1343 1489 1380 1523 5;
1408 1483 1488 1514 ibid.
1517 1490 1575 1524 153
1602 1483 1684 1515 ibid.
1716 1490 1769 1513 21.

1036 1548 1076 1552 —
1104 1548 1147 1553 —
1173 1530 1288 1560 omnia
1301 1529 1483 1571 possibilia
1496 1529 1657 1569 intelligit
1673 1529 1799 1568 288,21
1817 1538 1863 1560 ss.

1037 1594 1077 1598 —
1105 1594 1147 1598 —
1174 1586 1275 1606 omne
1308 1575 1476 1617 possibile
1509 1575 1622 1615 diligit
1653 1583 1729 1615 290,
1755 1583 1792 1614 4;
1818 1576 1862 1617 cs.

1103 1622 1185 1654 ibid.
1213 1622 1265 1655 26.

1038 1687 1071 1690 —
1104 1687 1146 1690 —
1173 1668 1244 1699 eius
1294 1668 1439 1699 dileccio
1488 1668 1599 1705 unica,
1640 1666 1861 1705 invariabilis,

1103 1714 1237 1745 infinita
1263 1722 1340 1753 290,
1367 1714 1420 1747 28.

1035 1761 1272 1791 Successivum
1292 1765 1325 1791 et
1342 1761 1473 1791 instans
1494 1768 1569 1799 190,
1590 1767 1606 1800 5
1628 1769 1689 1798 ss.;
1711 1767 1785 1801 192,
1803 1766 1860 1797 14;

1106 1813 1179 1847 Ι95,
1210 1814 1238 1840 1.

1034 1853 1207 1894 Superbia
1232 1853 1386 1894 precedit
1412 1853 1525 1883 omnia
1552 1856 1693 1893 peccata
1713 1859 1788 1892 174,
1807 1851 1860 1882 28.

1035 1899 1278 1941 Superstancia
1304 1899 1357 1938 38,
1387 1899 1438 1931 18.

1034 1990 1310 2022 Tabernaculum
1336 1990 1496 2032 portatile
1521 1990 1653 2031 Moysis
1682 1997 1734 2031 57,
1763 1998 1815 2031 27.

1034 2037 1217 2079 Templum
1242 2037 1435 2068 Salamonis
1463 2044 1515 2078 57,
1543 2037 1597 2068 28.

1034 2102 1077 2107 —
1101 2084 1369 2124 ymaginativum
1394 2083 1540 2113 Ezechie
1567 2084 1620 2123 58,
1651 2090 1677 2115 1.

1035 2131 1185 2171 Tempus
1212 2130 1340 2160 facturn
1365 2139 1384 2160 a
1408 2130 1485 2160 Deo
1512 2137 1588 2169 209,
1611 2136 1668 2168 12;
1696 2129 1767 2160 ibid
1798 2136 1858 2169 23;

1104 2176 1147 2217 cf.
1176 2183 1250 2217 179,
1279 2183 1297 2205 2
1322 2185 1366 2208 ες.

1036 2240 1077 2244 -
1104 2232 1147 2252 an
1172 2222 1282 2263 possit
1307 2220 1455 2252 rarefieri
1481 2220 1535 2251 vel
1561 2220 1700 2251 densari
1728 2228 1803 2260 199,
1831 2228 1861 2251 2.

1038 2287 1078 2290 —
1103 2278 1174 2298 non
1198 2267 1335 2307 longius
1362 2277 1462 2308 quam
1489 2267 1531 2297 de
1557 2267 1647 2298 facto
1674 2267 1752 2306 216,
1780 2274 1810 2297 2.

1038 2333 1074 2336 —-
1104 2314 1175 2345 eius
1200 2313 1355 2344 extensio
1384 2313 1460 2351 184,
1487 2313 1523 2351 63
1553 2320 1626 2352 191,
1657 2319 1707 2353 15.

1037 2379 1073 2382 —
1103 2370 1144 2391 eo
1170 2363 1389 2391 mensuratur
1412 2359 1574 2400 periodus
1603 2359 1678 2396 182,
1705 2366 1759 2398 34.

1037 2424 1077 2429 —
1104 2406 1146 2436 ab
1188 2416 1229 2436 eo
1269 2405 1528 2436 individuantur
1569 2408 1680 2436 motus
1722 2409 1755 2435 et
1796 2404 1861 2435 alia

1104 2452 1295 2482 successiva
1320 2459 1396 2488 200,
1424 2459 1477 2492 27.

1036 2516 1077 2520 —
1104 2498 1176 2528 eius
1195 2497 1411 2528 anterioritas
1430 2501 1463 2527 et
1481 2496 1714 2538 posterioritas
1734 2502 1810 2536 205,
1828 2504 1849 2534 4

1040 2562 1071 2565 —
1104 2544 1236 2574 finitum
1265 2551 1340 2582 209,
1367 2551 1398 2582 4.

1035 2608 1078 2611 —
1104 2589 1253 2630 parciale
1278 2597 1356 2628 230,
1385 2596 1415 2620 1.

1035 2636 1269 2666 Tetracedron
1296 2642 1348 2675 57,
1376 2642 1405 2665 2.

1035 2682 1384 2712 Transsubstanciare
1411 2688 1487 2719 232,
1517 2688 1544 2710 1.

1036 2727 1186 2758 Trinitas
1214 2727 1382 2758 hostium:
1415 2726 1587 2767 sapiencia
1619 2730 1754 2756 terrena
1789 2726 1860 2756 ani-

1105 2773 1201 2803 malis
1227 2778 1259 2803 et
1285 2772 1465 2813 dyabolica
1487 2779 1560 2812 177,
1580 2772 1622 2811 38
1641 2781 1704 2810 ss.;
1733 2771 1808 2812 178,
1828 2771 1858 2802 8.
