2056 3234
229 216 279 242 ²0
958 213 1180 245 JOHANNIS
1207 213 1374 244 WICLIF
1680 210 1769 238 CAP.
1790 210 1827 237 Π.

245 325 478 396 θξὶῗεὲὲὲῖῗοῧξ
574 321 820 367 Frequenter
855 319 959 356 enim
1001 320 1231 367 discrepant
1272 319 1454 355 homines
1488 318 1527 354 in
1559 318 1701 364 verbis,
1743 319 1828 367 qui-

255 396 372 431 arising
391 396 471 422 from
518 379 590 413 bus
635 390 716 414 non
760 379 894 414 subest
939 377 1075 425 dispar
1118 376 1332 422 sentencia,
1380 385 1416 412 et
1454 377 1682 425 frequenter
1722 376 1827 412 idem

247 430 485 499 ngffigffin‘gglfoe
518 444 635 472 autor
666 437 727 472 vel
759 435 1024 484 philosophus
1062 447 1141 471 una
1178 435 1263 471 vice
1301 434 1518 482 restringit,
1560 443 1597 471 et
1630 433 1707 470 alia
1745 434 1830 471 vice

308 500 424 526 words.
519 493 688 541 ampliat
721 495 951 542 analogum,
986 493 1069 530 sine
1093 493 1190 529 reali
1214 492 1556 538 contradiccione,
1591 501 1628 528 et
1660 491 1714 528 ita
1738 504 1831 528 con-

520 551 636 599 tingit
664 552 903 601 equivocare
927 550 967 588 in
991 552 1112 587 modo
1143 550 1397 599 concipiendi
1431 550 1668 599 equivocum
1699 550 1866 598 primo5

522 610 643 645 modo
684 610 851 655 dictum,
896 618 939 645 ut
971 622 1073 646 unus
1107 608 1291 656 intelligit
1328 608 1466 645 istam:
1512 607 1683 654 „Omnis
1723 608 1832 644 canis

522 667 673 703 currit''
708 670 780 704 sub
820 667 904 704 istis
947 667 1228 716 conceptibus;
1270 679 1419 713 „omne
1453 679 1611 715 corpus,
1658 665 1720 703 cui
1760 665 1833 701 im-

522 725 685 773 ponitur
708 726 797 762 talis
820 725 1017 762 terminus
1041 725 1206 771 „canis”
1233 726 1282 761 ad
1306 724 1630 773 significandum,
1665 724 1830 769 currit'’,

523 792 560 819 et
593 783 667 820 sibi
701 792 925 832 repugnant
959 784 1053 820 ista:
1100 782 1260 829 „omnis
1301 783 1410 819 canis
1451 782 1617 828 currit’',
1664 790 1701 818 et
1734 781 1834 828 „ali-

523 841 611 889 quis
645 841 753 878 canis
786 855 868 878 non
901 841 1074 887 currit⁷';
1110 849 1146 877 et
1179 840 1376 887 homines,
1412 841 1604 877 habentes
1636 839 1676 876 in
1699 839 1835 876 anima
1856 852 1894 873 10

523 900 643 935 simul
681 900 931 936 intenciones
969 912 1103 936 rerum
1139 907 1176 939 et
1214 898 1463 936 intenciones
1501 911 1666 935 suorum
1706 897 1835 934 nomi-

524 970 634 1003 num,
668 967 758 994 sunt
790 959 905 995 valde
929 957 1047 1006 proni
1071 958 1121 993 ad
1145 956 1200 993 sic
1224 958 1565 1005 componendum.
1599 956 1677 993 Alii
1702 964 1835 993 autem

525 1015 750 1064 intelligunt
773 1017 903 1052 solum
929 1015 1069 1065 primis
1092 1015 1403 1061 intencionibus,
1429 1016 1537 1064 quod
1567 1014 1699 1052 omnis
1723 1014 1837 1050 stella

525 1073 659 1110 taliter
691 1074 946 1111 accidentata
974 1073 1111 1120 currit,
1135 1074 1196 1110 vel
1219 1073 1350 1110 omnis
1374 1073 1501 1110 bestia
1524 1072 1677 1110 latralis
1701 1071 1838 1117 currit,

525 1132 585 1168 vel
625 1132 751 1169 tercio
792 1134 929 1169 modo.
975 1134 1022 1168 Et
1056 1131 1112 1168 sic
1146 1132 1332 1168 convenit
1377 1130 1685 1180 proporcionari
1729 1129 1896 1175 talia,15

527 1202 603 1238 que
626 1203 707 1227 non
731 1190 1030 1236 contradicunt,
1056 1198 1093 1226 et
1117 1189 1303 1226 convenit
1326 1189 1459 1226 taliter
1482 1189 1704 1237 intelligere
1727 1187 1836 1234 talia,

528 1249 637 1296 quod
671 1248 721 1285 sit
753 1261 847 1285 vera
881 1247 1169 1285 contradiccio.

585 1308 633 1342 Et
666 1306 1032 1355 proporcionaliter
1065 1306 1280 1343 dicendum
1305 1315 1364 1342 est
1387 1307 1434 1343 de
1458 1304 1760 1350 distribucione,
1795 1305 1842 1340 de

528 1363 825 1412 sillogisacione
864 1374 901 1401 et
940 1365 1027 1401 aliis
1071 1363 1388 1413 proprietatibus
1434 1363 1572 1412 logicis
1612 1363 1652 1400 in
1695 1362 1843 1399 talibus

529 1423 745 1471 equivocis
772 1426 873 1460 Nam
893 1422 1155 1471 intelligendo
1178 1422 1309 1458 solum
1328 1435 1398 1471 per
1421 1421 1669 1460 intenciones
1693 1433 1841 1466 rerum,
1860 1431 1902 1452 20

528 1481 672 1517 falsum
707 1489 822 1527 esset,
862 1482 970 1530 quod
1009 1490 1178 1529 uterque
1216 1480 1385 1516 istorum
1428 1489 1485 1517 est
1515 1481 1731 1525 Johannes,
1771 1490 1844 1514 nec

530 1538 670 1587 pocius
694 1539 894 1588 sequitur:
919 1538 960 1576 Si
983 1538 1056 1575 iste
1080 1547 1137 1575 est
1155 1539 1368 1585 Johannes,
1394 1547 1431 1575 et
1454 1538 1528 1575 iste
1552 1546 1610 1575 est
1626 1538 1843 1582 Johannes,

531 1598 639 1645 quod
672 1606 841 1646 uterque
874 1605 931 1633 est
962 1598 1178 1643 Johannes,
1213 1609 1333 1645 quam
1367 1596 1567 1645 sequitur:
1608 1595 1648 1632 Si
1681 1594 1755 1631 iste
1789 1602 1846 1631 est

531 1656 620 1700 hoc,
655 1657 763 1703 quod
798 1664 966 1704 uterque
998 1655 1167 1692 istorum
1203 1663 1261 1691 est
1294 1655 1382 1701 hoc,
1417 1655 1525 1703 quod
1554 1667 1636 1690 non
1659 1662 1716 1690 est
1742 1664 1846 1688 unus

532 1722 751 1761 conceptus
796 1712 1008 1762 singularis
1046 1713 1108 1750 vel
1147 1712 1374 1749 communis
1414 1712 1546 1749 dicere
1586 1720 1694 1748 extra
1733 1711 1903 1759 pure,25

532 1783 603 1819 per
636 1784 757 1820 quam
793 1771 1023 1820 conciperet
1056 1770 1224 1820 quilibet
1256 1771 1392 1816 homo,
1427 1779 1470 1807 ut
1492 1771 1708 1807 Johannes.
1743 1770 1847 1806 Con-

532 1829 649 1876 tingit
693 1838 829 1866 tamen
873 1829 1095 1877 intelligere
1134 1841 1196 1865 res
1242 1837 1351 1865 extra
1390 1828 1510 1865 simul
1549 1826 1846 1864 intencionibus

533 1886 758 1935 specierum
793 1897 829 1924 et
861 1887 1087 1933 nominum,
1134 1888 1242 1936 quod
1280 1886 1377 1923 talia
1416 1886 1527 1935 signa
1568 1894 1699 1923 essent
1738 1897 1844 1930 vera,

533 1954 576 1981 ut
609 1945 684 1982 sic:
730 1954 899 1994 uterque
938 1945 1108 1982 istorum
1149 1953 1206 1982 est
1246 1946 1382 1991 homo,
1429 1944 1491 1981 cui
1526 1943 1719 1992 competit
1756 1942 1848 1979 talis

533 2003 780 2049 nominacio,
816 2012 853 2040 et
877 2003 932 2040 ita
956 2003 1151 2051 contingit
1185 2004 1285 2039 duos
1318 2002 1572 2051 equivocare,
1606 2015 1729 2038 unum
1755 2013 1848 2037 con-
1865 2003 1906 2036 30

535 2062 728 2107 cedendo,
763 2063 871 2111 quod
895 2063 1030 2110 plures
1054 2070 1145 2098 sunt
1169 2062 1381 2107 Johannes,
1416 2061 1455 2097 id
1489 2069 1546 2098 est
1578 2059 1762 2096 homines
1792 2058 1847 2095 sic

534 2119 748 2166 nominati,
794 2129 831 2156 et
869 2129 1005 2157 tamen
1043 2132 1124 2156 non
1163 2128 1253 2155 sunt
1293 2118 1409 2155 multi
1441 2120 1657 2165 Johannes,
1702 2117 1742 2153 id
1775 2125 1846 2162 est,

534 2190 616 2214 non
660 2186 751 2214 sunt
796 2178 912 2214 multi
951 2177 1148 2223 homines,
1195 2177 1262 2226 qui
1302 2186 1407 2224 sunt,
1453 2186 1490 2213 et
1528 2176 1583 2213 ita
1623 2176 1849 2213 concedunt

537 2236 665 2272 solute
699 2236 923 2272 laborando
956 2236 997 2272 in
1031 2235 1247 2284 equivocis,
1288 2236 1451 2284 quando
1491 2233 1685 2283 queritur,
1725 2244 1850 2282 quare

537 2295 660 2330 homo
694 2302 751 2330 est
777 2296 915 2330 Petrus
938 2294 999 2331 vel
1020 2295 1234 2331 Johannes.
1268 2296 1370 2330 Nam
1405 2306 1507 2330 unus
1540 2293 1723 2329 absolute
1757 2303 1850 2328 con·
1868 2291 1907 2326 35

538 2351 689 2399 cipiens
723 2353 860 2388 datum
897 2352 1099 2389 hominem
1125 2352 1256 2388 solum
1280 2353 1352 2388 sub
1376 2351 1538 2388 racione
1561 2349 1851 2387 individuacio-

537 2409 597 2445 nis
626 2422 697 2457 per
729 2422 876 2447 nomen
910 2410 1134 2459 proprium,
1169 2411 1421 2456 concederet,
1455 2410 1563 2458 quod
1587 2420 1718 2454 omne,
1743 2408 1851 2456 quod

538 2476 596 2503 est
629 2480 750 2504 causa
783 2467 1120 2505 individuacionis
1153 2480 1235 2515 sue,
1271 2477 1327 2504 est
1350 2469 1566 2513 Johannes,
1602 2475 1639 2503 et
1672 2474 1849 2503 econtra.

539 2525 650 2561 Alius
695 2534 828 2562 autem
875 2527 963 2574 plus
1008 2527 1301 2563 concordanter
1346 2527 1395 2562 ad
1440 2524 1748 2573 grammaticam
1794 2523 1852 2559 in-

540 2583 737 2631 telligeret
772 2596 862 2619 cum
896 2583 1126 2621 intencione
1147 2584 1256 2621 vocis
1280 2583 1488 2632 propriam
1514 2582 1849 2631 appellacionem,
1866 2592 1911 2623 40

540 2649 577 2676 et
609 2641 665 2677 sic
698 2641 861 2687 diceret,
896 2644 1004 2690 quod
1037 2642 1127 2678 ideo
1161 2650 1218 2678 est
1240 2642 1455 2689 Johannes,
1491 2641 1584 2690 quia
1608 2649 1665 2677 est
1698 2641 1774 2676 hoc
1797 2639 1853 2675 sic

609 2830 652 2861 32.
683 2833 777 2861 Cod.:
805 2815 869 2861 mto
891 2846 922 2858 =
944 2835 1053 2862 multis
1163 2834 1210 2870 39,
1237 2844 1288 2870 40.
1319 2835 1416 2862 Coci..·
1443 2821 1531 2871 adwgss·
1557 2826 1636 2862 di’cet
1662 2833 1852 2869 intelligeret.
