2056 3234
198 203 287 231 CAP-
310 203 374 230 XV·
517 207 574 238 DE
602 206 723 237 ENTE
752 206 1170 238 PREDICAMENTALI.

198 313 425 350 Concordia
447 317 494 359 40
519 340 695 348 ......
730 321 766 348 et
798 311 839 348 in
872 313 919 348 de
952 313 1055 348 Casu
1079 313 1237 349 Diaboli
1269 314 1335 349 180
1371 323 1407 349 et
1440 315 1504 349 de-

199 372 302 407 cimo
326 384 447 407 nono.
483 369 727 407 Conceditur
752 369 856 406 enim
882 372 1008 405 Deum
1033 371 1164 406 facere
1197 373 1246 406 ad
1281 372 1384 407 hunc
1418 384 1504 407 sen-

197 442 283 464 sum
318 428 492 476 primum
538 428 723 475 angelum
758 427 963 470 iniustum,
1009 428 1102 476 quia
1136 437 1191 464 est
1231 428 1269 464 in
1309 437 1505 476 potestate

199 486 269 522 Dei
303 488 397 522 date
430 485 504 522 sibi
538 485 752 531 iusticiam,
788 494 824 522 et
846 497 928 521 non
960 486 1040 531 dat,
1076 495 1113 521 et
1145 486 1221 521 isto
1255 488 1376 522 modo
1410 485 1505 522 dici-

166 542 261 579 fitur
285 545 391 580 Deus
424 543 645 591 improprie
678 544 807 580 facere
840 542 1047 591 quodlibet
1079 552 1304 591 peccatum,
1338 553 1380 579 ut
1414 556 1506 591 sepe

199 601 294 637 dicit
326 602 552 637 Anselmus.
598 603 646 637 Et
679 602 729 637 ad
761 601 880 637 istum
915 613 1073 636 sensum
1109 601 1204 637 dicit
1236 602 1505 649 Philosophus

198 660 373 695 secundo
408 658 658 695 Phisicorum
695 659 765 695 300
800 671 890 694 cum
924 668 1245 695 commentatore
1278 672 1362 705 suo,
1398 660 1505 707 quod

196 725 319 753 nauta
351 729 422 764 per
444 729 555 752 suam
582 716 810 753 absenciam
837 725 893 752 est
917 728 1036 752 causa
1060 716 1347 753 submersionis
1380 717 1504 762 navis,

198 774 229 809 si
272 774 344 809 fuit
389 774 429 809 in
474 774 556 810 eius
600 783 799 822 potestate
838 775 991 810 salvare
1023 774 1151 821 ipsam
1191 787 1261 810 sua
1300 774 1503 822 presencia

146 841 182 861 10
197 833 472 878 gubernando.
509 833 623 868 Unde
655 832 757 876 illos,
805 832 873 879 qui
906 832 1051 867 debent
1084 833 1222 868 adesse
1254 845 1326 868 suo
1359 831 1505 868 auxilio

196 890 257 925 vel
290 889 466 937 agencia,
514 899 550 926 et
595 891 752 937 absunt,
797 889 967 926 dicimus
1011 889 1211 937 vulgariter
1254 890 1507 938 culpabiliter

198 959 362 983 causare
401 947 551 983 malum
587 947 824 992 omittendo,
864 948 972 995 quod
1006 960 1086 984 non
1120 956 1253 995 potest
1281 950 1365 983 Deo
1399 960 1506 983 com-

198 1013 346 1052 petere,
381 1013 417 1040 et
450 1004 526 1041 isto
559 1006 680 1040 modo
713 1004 885 1041 faciendi
920 1005 1019 1040 fiunt
1053 1017 1307 1053 quecumque
1341 1014 1506 1053 peccata

198 1062 420 1098 formaliter
456 1062 575 1108 dicta,
609 1072 651 1098 ut
682 1071 793 1111 patet
825 1071 928 1111 post.

144 1118 179 1149 15
256 1121 441 1156 Secundo
480 1122 703 1156 notandum
744 1130 814 1167 est,
853 1122 961 1168 quod
1001 1120 1129 1157 maior
1167 1133 1260 1168 pars
1291 1122 1503 1156 verborum

197 1177 484 1214 adiectivorum
539 1187 672 1226 preter
725 1178 932 1226 agenciam
985 1179 1045 1214 vel
1090 1178 1332 1226 passionem,
1384 1191 1503 1226 quam

197 1235 472 1281 denominant,
508 1245 727 1272 connotant
760 1236 1001 1272 relacionem
1035 1245 1071 1272 et
1095 1236 1289 1284 parciales
1322 1235 1505 1272 acciones

196 1292 377 1329 subiecti.
396 1295 443 1329 de
466 1306 545 1341 quo
569 1294 792 1330 formaliter
806 1293 1050 1342 predicatur,
1075 1303 1117 1329 ut
1141 1293 1251 1342 loqui
1276 1303 1332 1330 est
1356 1294 1505 1330 animal

195 1362 334 1387 vocem
354 1351 617 1387 artificialiter
638 1351 857 1388 vociferare
876 1353 1236 1399 correspondentes
1251 1353 1301 1388 ad
1318 1361 1489 1388 mentem

140 1415 181 1436 20
197 1420 353 1445 currere
378 1418 436 1445 est
459 1408 609 1445 animal
632 1409 834 1456 gressibile
857 1409 1046 1446 velociter
1072 1410 1291 1455 ambulare,
1325 1411 1374 1446 ad
1399 1410 1506 1458 quod

265 1539 286 1558 1.
307 1530 380 1558 Post
398 1536 432 1565 4⁰
451 1531 564 1558 lacuna
575 1531 654 1567 fere
674 1539 707 1558 10
726 1532 901 1558 litterarum
922 1532 952 1558 in
973 1533 1040 1559 cod.

197 1604 368 1635 iustitiam
397 1613 464 1635 non
491 1604 605 1642 habet,
632 1604 714 1644 quia
741 1613 819 1636 eam
847 1604 1011 1643 deseruit,
1038 1609 1240 1646 necpostea
1268 1605 1450 1645 recepit..
1472 1631 1477 1636 .
1499 1631 1504 1637 .

198 1651 300 1688 Puto,
341 1650 422 1692 quia
462 1650 586 1692 gratia
621 1650 688 1682 Dei
718 1650 913 1681 adiuvante
946 1651 1234 1691 monstravimus,
1272 1651 1364 1691 quod
1394 1660 1504 1691 prae-

200 1696 383 1728 scientiam
418 1695 488 1728 Dez'
518 1701 551 1727 et
582 1696 732 1728 liberum
772 1697 959 1728 arbitrium
1000 1697 1104 1728 simul
1142 1707 1214 1729 esse
1355 1707 1422 1728 non
1463 1697 1507 1728 sit

199 1742 422 1783 impossibile.
448 1742 615 1773 Eiusdem
633 1742 723 1773 Dial.
748 1742 798 1773 De
826 1742 917 1774 Casu
942 1743 1091 1774 Diabolo
1115 1742 1152 1774 18
1179 1744 1247 1783 (M.
1270 1744 1361 1781 350)
1387 1743 1504 1774 Pluri-

198 1788 259 1820 bus
285 1788 399 1820 modis
425 1788 581 1820 dicimur
602 1788 748 1829 facere.-
784 1788 937 1820 dicimur
968 1790 1060 1821 enim
1082 1789 1213 1831 facere
1244 1789 1389 1831 aliquid,
1426 1799 1504 1821 cum

199 1844 272 1867 esse
285 1835 446 1876 facimus
473 1844 568 1874 rem;
599 1838 633 1866 et
659 1844 736 1867 cum
751 1835 883 1875 facere
905 1845 1104 1876 possumus,
1138 1840 1175 1866 ut
1200 1845 1268 1867 non
1296 1836 1352 1874 sit,
1378 1840 1412 1868 et
1437 1845 1504 1867 non

188 1881 347 1924 facimus
489 1880 638 1921 Semper
669 1881 781 1923 igitur
812 1881 913 1913 debet
945 1882 1019 1913 Deo
1058 1882 1205 1924 gratias
1243 1891 1351 1923 agere
1390 1882 1505 1913 malus

197 1928 344 1969 angelus
365 1937 435 1968 pro
462 1926 690 1966 beatitudine,
716 1938 820 1968 quarn
848 1928 914 1959 sibi
940 1928 1105 1965 abstulit,·
1131 1928 1219 1960 sicut
1245 1929 1353 1960 bonus
1365 1938 1435 1970 pro
1455 1938 1505 1965 eo,

197 1983 303 2017 quam
342 1974 415 2014 ipse
452 1973 518 2005 sibi
556 1973 666 2005 dedit.
693 1991 733 1995 —
762 1973 808 2003 Et
840 1984 913 2014 cap.
946 1984 983 2016 19
1131 1974 1229 2005 Unde
1267 1975 1504 2014 consequitur,

199 2019 290 2061 quia,
323 2029 401 2051 cum
429 2019 562 2051 deserit
587 2023 772 2061 acceptam
799 2019 972 2051 iustitiam
1001 2026 1006 2049 ;
1028 2044 1032 2049 .
1055 2044 1088 2050 ..
1116 2020 1241 2051 bonum
1270 2025 1321 2051 est
1348 2020 1505 2062 aliquod,

197 2069 367 2106 quantum
388 2065 436 2097 ad
460 2065 531 2103 hoc,
558 2065 650 2105 quod
674 2070 743 2104 est;
769 2070 937 2106 quantum
965 2076 1048 2097 vero
1075 2066 1124 2097 ad
1150 2066 1223 2105 hoc,
1251 2066 1332 2106 quia
1358 2066 1505 2104 iustitia,

198 2121 285 2151 quae
295 2112 373 2154 fuit
389 2112 422 2143 in
441 2111 515 2149 illa,
534 2121 602 2143 non
622 2116 684 2149 est,
710 2111 843 2143 dicitur
863 2113 958 2143 mala
978 2115 1012 2144 et
1030 2111 1173 2143 iniusta.
1270 2122 1302 2153 7.
1332 2112 1388 2162 Cf.
1402 2113 1505 2143 Arist·

198 2158 273 2189 Nat.
299 2159 403 2188 Ausc.
430 2157 456 2188 ΙΙ
484 2158 513 2195 3,
539 2167 562 2197 4
587 2157 667 2198 (Ed.
694 2157 777 2189 Par.
804 2157 844 2189 II
867 2159 952 2195 264,
980 2159 1030 2189 5²6
1053 2159 1134 2198 ss.:)
1164 2156 1247 2188 '‘Eu
1279 2155 1318 2189 δὲ
1349 2153 1389 2188 τὸ
1416 2154 1504 2189 αὐτὸ

198 2205 272 2234 τῶν
296 2200 471 2234 ἐναντίων
495 2199 592 2234 ἐστὶν
617 2201 748 2234 αἴτιον·
776 2199 794 2234 ὃ
805 2201 879 2257 γὰρ
896 2201 1014 2245 παρὸν
1032 2202 1149 2235 αἴτιον
1172 2202 1289 2244 τοῦδε,
1316 2206 1420 2235 τοῦτο
1446 2201 1506 2235 καὶ

198 2245 293 2281 ἀπὸν
323 2247 528 2291 αἰτιώμεθα
560 2245 675 2280 ἐνίοτε
704 2251 769 2280 τοῦ
800 2245 977 2291 ἐναντίου,
1015 2246 1093 2281 οἷον
1130 2246 1195 2290 τὴν
1231 2247 1411 2281 ἀπουσίαν
1441 2252 1505 2281 τοῦ

198 2294 416 2338 κυβερνητου
441 2298 504 2337 τῆς
529 2297 592 2326 τοῦ
617 2293 745 2327 πλοίου
769 2293 986 2337 ἀνατροπῆς,
1019 2292 1063 2327 οὗ
1088 2291 1132 2337 ἦν
1156 2293 1177 2337 ἡ
1202 2294 1383 2337 παρουσία
1408 2293 1506 2327 αἰτία

199 2344 261 2383 ’τῆς
280 2340 459 2383 σωτηρίας
482 2348 515 2373 et
532 2342 693 2373 Averrois
712 2352 839 2373 comm.
864 2343 898 2373 in
923 2343 1012 2374 hunc
1036 2343 1150 2374 Iocum
1172 2342 1254 2382 (Ed.
1271 2343 1348 2374 Ven.
1365 2343 1416 2373 IV
1428 2344 1504 2383 29j:

201 2388 248 2418 Et
274 2389 453 2431 contingit
479 2388 598 2426 etiam,
631 2388 722 2428 quod
748 2388 871 2420 eadem
898 2398 1006 2420 causa
1034 2393 1084 2420 est
1109 2397 1218 2420 causa
1246 2388 1396 2420 duorum
1423 2399 1504 2420 con-

198 2435 409 2472 trariorum,
440 2434 502 2465 sed
533 2434 668 2465 duabus
701 2434 987 2474 dispositionibus
1019 2435 1179 2475 diversis,
1211 2445 1240 2466 ν.
1273 2444 1307 2476 g.
1339 2434 1503 2474 quoniam

197 2480 418 2522 gubernator
442 2485 492 2512 est
516 2489 623 2512 causa
658 2480 869 2512 salvationis
901 2481 999 2512 navis
1027 2484 1061 2513 et
1085 2480 1356 2512 submersionis:
1386 2482 1505 2513 salva-

199 2526 303 2558 tionis
330 2526 466 2566 quidem
494 2526 569 2568 ipso
592 2530 799 2568 praesente;
826 2526 1077 2558 submersionis
1103 2531 1220 2558 autem
1249 2527 1324 2567 ipso
1352 2527 1504 2559 absente.

200 2572 280 2604 Hoc
313 2581 380 2603 uno
412 2572 488 2604 loco
523 2572 697 2604 monuisse
722 2573 878 2615 sufficiat
904 2572 1090 2613 W'iclifium
1118 2572 1275 2604 hausisse
1301 2574 1503 2613 exemplum

199 2627 299 2650 suum
327 2617 363 2649 id
393 2618 485 2658 quod
510 2618 647 2660 pluries
669 2618 761 2660 fecit
794 2627 842 2649 ex
868 2618 1025 2649 Thomae
1052 2618 1287 2649 Bradwardini
1316 2619 1366 2649 De
1393 2618 1505 2649 Causa

201 2664 264 2695 Dei
289 2663 402 2702 libris3
429 2665 473 2706 cf.
491 2664 513 2694 l.
533 2674 561 2695 c.
579 2663 605 2694 ΙΙ
626 2663 665 2694 32
688 2664 770 2702 (Ed.
788 2664 900 2695 Lond.
924 2665 991 2695 610
1007 2665 1076 2705 D).·
1103 2664 1218 2696 Sicuti
1243 2669 1275 2696 et
1296 2664 1503 2705 praesentia

203 2710 456 2752 gubernatoris
487 2714 539 2742 est
573 2719 682 2741 causa
723 2710 848 2741 salutis
879 2710 911 2741 in
946 2710 1040 2750 navi,
1078 2714 1112 2741 et
1148 2711 1220 2741 eius
1256 2710 1416 2742 absentia
1454 2714 1505 2741 est

202 2765 310 2788 causa
339 2756 474 2795 mortis,
499 2756 590 2787 sicut
616 2756 843 2796 Philosophus
871 2757 892 2785 2
918 2756 1027 2795 Phys.
1052 2757 1112 2792 30,
1140 2757 1161 2785 5
1192 2756 1392 2797 Metaphys.
1420 2758 1441 2786 2
1472 2760 1504 2788 et

199 2803 386 2834 -Anselmus
412 2802 454 2834 de
479 2806 646 2842 conceptu
675 2802 841 2843 virginali
865 2803 887 2831 5
914 2806 1102 2833 testantur.

1718 200 1786 234 135

1558 1128 1637 1155 Most
1659 1130 1759 1162 verbs,

1599 1164 1717 1190 besides

1567 1199 1749 1234 expressing

1579 1238 1679 1260 action
1701 1243 1736 1261 or

1592 1268 1729 1302 passion,

1520 1308 1650 1329 connote
1667 1303 1792 1330 relation

1538 1336 1572 1363 of
1588 1337 1637 1364 the
1659 1338 1775 1371 subject

1497 1381 1504 1397 ν
1520 1371 1578 1398 and
1604 1378 1794 1399 movements

1547 1406 1581 1433 of
1598 1406 1645 1433 his
1666 1412 1766 1442 parts3
