2056 3234
1780 190 1795 200 ἢ

211 197 299 224 CAP-
319 196 399 224 XIII·
542 198 599 229 DE
627 197 748 229 ENTE
777 197 1193 228 PREDICAMENTALI.
1728 199 1796 224 ¹2³

210 304 340 352 primo
372 306 419 341 de
452 303 722 340 Generacione
747 306 833 350 900,
867 303 974 350 quod
1008 314 1164 339 movere
1197 302 1368 350 amplius
1400 315 1516 350 agere
1547 310 1625 349 Thjs
1647 318 1778 345 appears,

211 370 268 398 est
301 371 338 398 et
371 362 426 398 sic
460 373 617 398 movere
641 369 697 397 est
721 359 972 397 communius
995 372 1138 408 genere
1171 359 1364 406 accionis3
1398 373 1516 408 super
1574 347 1760 407 cssffffluffffis

211 432 289 468 quo
313 421 619 457 Commentator
642 418 778 464 credit,
802 419 948 466 2‚,quod
972 430 1091 454 omne
1116 430 1276 454 movens
1300 418 1349 454 sit
1382 430 1514 466 agens,
1531 414 1731 476 actffigmfffffl
1752 448 1789 474 od

211 478 277 513 sed
321 490 402 513 non
447 485 503 513 est
546 476 613 522 ita,
661 488 752 523 ymo
798 487 959 511 movens
993 484 1048 511 est
1081 476 1302 523 generalius
1336 476 1515 523 agente''.
1549 457 1654 522 >mucii
1670 470 1802 521 adnqits'

179 536 340 583 §Agens
373 533 477 570 enim
512 542 568 570 est
612 533 722 579 illud,
768 534 877 582 quod
921 532 1014 569 facit
1047 533 1296 580 passionem3
1330 542 1387 569 est
1421 545 1513 580 ergo
1548 519 1570 546 ἡ
1591 526 1629 545 ¹¹⁰
1653 525 1790 554 passmn,

212 593 258 629 de
291 591 519 628 intencione
543 592 712 628 istorum
736 591 1083 639 philosophorum,
1116 592 1220 639 quod
1247 593 1351 627 Deus
1386 599 1517 627 movet

211 662 330 686 omne
363 657 530 695 motum,
576 651 644 685 sed
676 662 757 685 non
788 648 949 697 proprie
982 648 1074 696 agit,
1109 661 1199 685 cum
1232 662 1313 685 non
1344 648 1395 684 sit
1428 649 1517 684 sub-

211 707 363 744 stancia
401 706 573 743 limitata
617 720 639 743 a
684 719 803 743 causa
835 705 1029 754 superiori
1076 706 1252 743 subiecta
1286 714 1427 754 agente
1460 705 1518 741 in-

211 765 352 801 ferenti
385 764 624 812 passionem.
673 765 750 800 Sed
794 772 953 811 oportet
997 765 1227 812 theologum
1261 764 1375 800 aliter
1406 763 1517 811 loqui

158 838 196 858 10
212 823 457 859 extendendo
480 821 707 870 passionem
732 823 781 858 ad
805 821 1136 858 communitatem
1162 822 1373 869 analogam
1398 833 1516 869 supra

212 892 347 928 genus,
372 881 641 925 concedendo,
677 880 785 927 quod
808 878 960 927 aliquid
983 891 1098 927 agere
1123 888 1179 915 est
1212 888 1319 915 extra
1344 891 1516 924 movere,

212 950 302 974 cum
336 950 506 985 persona
539 937 671 973 divina
716 936 796 984 agit
840 937 1020 973 absolute
1061 937 1284 973 necessario
1317 938 1367 973 ad
1399 936 1516 982 intra,

213 1004 250 1031 et
282 995 404 1031 nichil
437 1003 567 1031 movet
600 996 650 1031 ad
682 994 800 1040 intra,
841 1003 877 1030 et
909 994 964 1030 ita
998 1003 1055 1031 est
1087 996 1135 1031 de
1167 994 1373 1031 creaturis.
1416 996 1518 1030 Ymo

213 1054 514 1089 concedendurn
549 1060 619 1097 est,
654 1053 761 1100 quod
795 1054 899 1088 Deus
922 1064 1079 1100 semper
1112 1052 1192 1100 agit
1223 1052 1262 1088 in
1298 1052 1518 1100 quamlibet

160 1114 450 1156 150reaturam‚
498 1110 729 1146 sustinendo
778 1122 877 1155 eam,
926 1118 962 1146 et
1008 1110 1077 1155 ita,
1125 1111 1256 1157 ample
1303 1110 1516 1158 loquendo,

215 1176 396 1204 movetur
429 1176 464 1204 et
498 1167 648 1215 patitur
681 1180 702 1203 a
735 1169 838 1212 Deo3
873 1176 909 1203 et
942 1180 1033 1204 cum
1066 1167 1195 1203 omnis
1228 1167 1392 1215 agencia
1425 1166 1519 1203 dicit

213 1225 441 1261 absolutum
475 1226 730 1273 productum,
759 1233 802 1260 ut
824 1233 933 1273 patet
966 1226 1014 1261 de
1046 1224 1208 1261 accione
1231 1224 1302 1261 Dei
1326 1226 1375 1261 ad
1399 1224 1516 1270 intra,

213 1284 260 1319 de
293 1296 371 1331 qua
404 1291 460 1319 est
492 1282 656 1318 minime
687 1282 901 1318 verisimile
933 1282 1184 1331 verificatis†
1214 1282 1388 1330 ponitur,
1411 1283 1518 1330 quod

214 1343 319 1376 Deus
351 1340 538 1376 continue
571 1340 663 1388 agit,
703 1339 797 1376 facit
830 1349 867 1377 et
907 1339 1092 1388 producit
1139 1349 1377 1385 creaturam,
1417 1339 1518 1376 sicut

157 1413 197 1433 20
213 1397 457 1434 luminosum
503 1397 597 1434 facit
640 1397 828 1434 continue
872 1398 1006 1433 lumen
1051 1397 1092 1433 in
1126 1398 1270 1443 medio,
1305 1407 1341 1434 et
1373 1398 1429 1434 sic
1462 1406 1519 1434 est

213 1456 308 1492 dare
340 1455 580 1500 absolutum,
626 1456 731 1503 quod
771 1455 1007 1502 producitur
1040 1455 1173 1491 divina
1207 1455 1382 1503 agencia,
1417 1455 1518 1491 sicut

214 1512 378 1549 duracio
411 1513 540 1560 angeli
573 1521 610 1549 et
642 1512 804 1549 alterius
851 1522 1031 1549 creature
1065 1512 1210 1549 dicitur
1242 1525 1326 1549 esse
1358 1525 1418 1549 res
1452 1514 1518 1549 ab-

213 1571 355 1615 soluta,
404 1579 448 1607 ut
491 1579 661 1618 tempus,
707 1571 814 1619 quod
857 1570 1032 1618 ponitur,
1078 1570 1293 1619 quantitas,
1337 1579 1374 1607 et
1418 1570 1517 1607 tales

214 1628 450 1664 duraciones
483 1627 728 1664 insensibiles
774 1628 960 1665 continue
1004 1628 1189 1676 producit
1223 1630 1327 1664 Deus
1361 1640 1518 1665 conser-

79 1691 197 1734 F.219
212 1686 341 1723 vando
374 1694 590 1731 creaturaS,
638 1694 674 1722 et
707 1687 754 1722 de
786 1695 898 1722 tanto
931 1686 1075 1722 dicitur
1108 1698 1266 1723 movere
1299 1698 1364 1722 eas
1394 1682 1398 1740 l
1427 1698 1518 1722 con-

213 1743 335 1789 tinue,
369 1744 416 1779 de
448 1756 527 1792 qua
575 1743 742 1780 materia
774 1752 876 1792 post.
922 1744 1025 1780 Satis
1070 1752 1202 1780 autem
1237 1752 1295 1780 est
1327 1756 1398 1792 pro
1431 1756 1518 1792 pre-

213 1801 313 1837 senti
347 1802 567 1847 ostendere,
601 1803 707 1850 quod
751 1814 832 1838 non
865 1810 921 1838 est
954 1803 1061 1838 color
1094 1801 1356 1838 concludendi
1389 1804 1516 1838 Deum

216 1858 363 1895 moveri
409 1871 452 1895 ex
496 1859 584 1906 hoc,
630 1860 737 1907 quod
770 1858 911 1907 recipit
954 1859 994 1895 in
1034 1871 1074 1896 se
1106 1872 1250 1896 novam
1294 1858 1516 1907 agendam,

215 1928 291 1964 que
324 1925 380 1952 est
425 1916 570 1953 relacio
615 1916 799 1963 racionis,
847 1925 888 1953 ut
930 1916 1104 1953 ostendit
1136 1917 1347 1953 Anselmus
1379 1918 1518 1953 Mono-

159 1980 199 2012 30
213 1973 347 2021 logion
381 1978 467 2021 270.
487 1976 550 2010 -Et
583 1986 625 2010 ex
649 1974 836 2022 predictis
865 1983 987 2023 patet,
1021 1976 1128 2023 quod
1162 1975 1427 2011 carbunculus
1458 1975 1518 2010 vel

215 2031 323 2067 aliud
368 2031 613 2068 luminosum
665 2032 867 2069 obiectum
918 2041 1101 2068 movetur
1150 2046 1171 2069 a
1216 2033 1423 2080 detegente
1468 2033 1517 2068 ad

215 2197 301 2233 ὅσον
326 2200 532 2233 ἀλλοιοῦται,
556 2199 678 2243 μόνον,
705 2197 783 2233 οἷον
801 2212 840 2233 το
860 2198 987 2234 λευκὸν
1012 2200 1070 2234 καὶ
1095 2200 1136 2234 τὸ
1161 2201 1316 2245 θερμόν·
1343 2200 1446 2234 ἀλλὰ
1472 2198 1517 2233 τὸ

214 2249 353 2279 κινεῖν
389 2244 459 2279 ἐπὶ
496 2246 628 2279 πλέον
664 2250 740 2280 τοῦ
777 2249 925 2280 ποιεῖν
962 2245 1187 2280 gottw...
1222 2253 1256 2281 et
1288 2250 1449 2280 Averrois
1483 2249 1515 2280 in

214 2294 360 2326 eundem
388 2294 501 2326 Iocum
530 2305 658 2325 comm.
677 2295 759 2335 (Ed.
777 2295 856 2327 Ven.
878 2295 1025 2335 V162⁴):
1055 2295 1221 2333 „Movens
1248 2300 1364 2326 autem
1393 2296 1516 2327 existi-

197 2344 336 2371 «Ματιη-
373 2340 465 2372 idem
504 2350 577 2372 esse
615 2350 692 2372 cum
731 2341 881 2382 agente''
920 2346 1047 2381 etqusq.
1190 2351 1242 2383 29.
1279 2342 1328 2383 Cf.
1362 2341 1517 2372 Anselmi

215 2386 471 2417 Cantuariensis
497 2387 671 2427 Monolog.
696 2387 832 2418 XXVIII
861 2387 1007 2428 [XXVII]
1035 2386 1171 2428 (Migne
1192 2387 1342 2418 CLVIII
1367 2387 1436 2427 181)
1457 2411 1463 2417 .
1483 2411 1491 2417 .
1510 2410 1517 2417 .

212 2432 303 2464 idem
330 2432 479 2472 spiritus
502 2437 653 2473 propter
677 2433 995 2465 incommutabilem
1021 2433 1266 2465 aeternitatem
1293 2443 1403 2472 suam,
1422 2433 1517 2464 nullo

216 2478 319 2509 modo
345 2478 532 2509 secundum
561 2479 710 2520 aliquem
740 2483 869 2511 motum
897 2480 965 2510 dici
991 2484 1117 2520 potest,
1149 2480 1229 2518 quia
1249 2479 1324 2520 fuit
1352 2484 1413 2511 aut
1439 2479 1517 2517 erit,

214 2525 275 2555 sed
301 2524 507 2565 simpliciter
532 2530 594 2556 est.
738 2526 790 2558 30.
824 2525 1063 2556 Carbunculus
1090 2532 1251 2555 movetur
1277 2535 1295 2556 a
1322 2525 1515 2566 detegente]

214 2570 416 2610 exemplum
454 2571 617 2602 haustum
660 2581 708 2602 ex
745 2570 902 2602 Thomae
939 2571 1174 2602 Bradwardini
1215 2571 1265 2602 De
1304 2572 1416 2602 Causa
1454 2571 1515 2602 Dei

214 2615 271 2646 lib.
298 2616 338 2646 III
366 2614 385 2646 6
412 2615 492 2654 (Ed.
520 2617 630 2648 Lond.
662 2618 736 2648 662
763 2619 824 2657 Q.-
857 2618 1015 2657 Amplius
1042 2621 1158 2648 aulem
1185 2621 1343 2657 ponatur
1368 2617 1516 2648 carbun-

215 2662 311 2693 culus
338 2662 529 2693 luminosus
561 2663 725 2700 obtectus,
759 2673 819 2695 nec
850 2663 1054 2694 illuminans
1088 2662 1271 2702 quicquam
1305 2667 1425 2703 extra,
1459 2664 1516 2702 qui

215 2708 349 2739 noviter
375 2707 566 2750 detegatur·
592 2713 624 2739 et
651 2709 824 2741 illuminet
853 2718 991 2747 aerem;
1023 2709 1127 2740 habet
1158 2718 1246 2750 ergo
1273 2719 1363 2740 nunc
1389 2718 1515 2740 novam

214 2753 397 2790 actionem,
424 2763 551 2784 novam
579 2754 871 2786 illuminationem
904 2755 1129 2786 intrinsecam
1164 2754 1260 2785 intra
1295 2755 1422 2795 ipsum,
1456 2755 1517 2786 sed

192 2798 335 2836 ,undei'
361 2809 382 2829 α
409 2809 474 2841 quo
502 2799 657 2841 agente?
