2056 3234
228 186 277 221 28
962 194 1185 225 JOHANle
1211 195 1380 227 WICLIF
1671 193 1759 221 CAP.
1779 194 1831 222 111.

272 342 276 346 .
311 306 413 345 Three
515 300 615 348 ipso,
650 302 758 348 quod
791 300 955 349 aliquod
988 309 1043 337 est
1068 313 1191 349 genus
1224 301 1351 347 alteri,
1386 311 1443 338 est
1475 303 1606 350 ipsum
1637 303 1709 339 sibi
1742 305 1833 339 sub-

224 342 703 404 todffifiecffissffignstanciale
726 359 786 394 vel
819 358 1046 405 essenciale,
1081 367 1118 395 et
1146 359 1305 395 nullum.
1331 360 1409 396 tale
1438 369 1568 407 potest
1601 361 1833 409 participari

234 411 491 473 mgfflcaerigiliffss.
514 417 734 452 secundum
759 416 886 464 magis
910 425 947 452 et
971 416 1121 462 minus,
1156 429 1248 464 ergo
1270 417 1425 453 nullum
1458 418 1535 454 tale
1559 432 1682 466 genus
1705 428 1835 467 potest

513 475 733 510 secundum
769 474 977 510 racionum
1011 487 1081 511 sue
1114 475 1289 511 essencie
1312 475 1545 523 participari
1578 476 1658 512 suis
1691 490 1761 524 per
1794 490 1834 513 se

512 531 768 568 inferioribus
791 534 1012 568 secundum
1049 532 1175 580 magis
1209 541 1246 569 et
1279 532 1429 578 minus;
1464 542 1573 581 patet
1598 547 1641 570 ex
1673 534 1834 571 racione

513 590 680 638 generis.

224 653 498 691 1.1f3dsubsta11ce
572 648 649 684 Sed
690 657 833 684 contra
872 648 978 684 istud
1020 648 1242 696 tripliciter.
1290 648 1425 685 Primo
1459 649 1525 685 sic.
1566 649 1711 698 Aliqua
1744 651 1835 686 sub-

224 688 496 754 aodrrqztsssqossffloirbe
512 705 665 742 stancia
706 714 763 742 est
803 706 958 754 reliqua
992 706 1119 754 magis
1159 706 1402 752 substancia,
1443 716 1486 743 ut
1519 716 1628 755 patet
1661 709 1709 744 de
1742 710 1835 744 sub-

224 762 278 819 ¹¹3}
292 756 495 818 ῗζξῖῗδξξξέἑά
512 763 664 800 stancia
688 763 832 811 prima,
856 773 899 800 ut
917 764 956 800 in
976 764 1305 810 predicamentis,
1324 765 1500 812 capitulo
1519 766 1567 801 de
1590 765 1832 802 substancia.

278 827 379 864 but-to
401 834 438 853 an
513 823 615 869 Ergo
648 830 726 857 stat
759 834 884 869 genus
920 822 1078 869 loycum
1120 822 1413 859 communicari
1453 825 1674 859 secundum
1708 823 1834 871 magis

285 861 433 888 ³⁶⁶¹de¹¹t'
515 888 551 915 et
584 879 728 915 minus.
765 882 862 916 Item
886 880 1071 928 qualitas,
1108 880 1265 926 relacio,
1300 880 1423 926 accio,
1448 881 1581 929 passio
1611 883 1832 918 secundum

512 946 671 973 autores
694 937 916 985 suscipiunt
940 938 1065 986 magis
1090 947 1126 974 et
1150 937 1300 984 minus;
1336 951 1428 986 ergo
1452 948 1529 975 stat
1559 952 1649 975 cum
1673 939 1834 976 racione

511 994 667 1042 generis
712 995 842 1043 logici,
894 997 1001 1044 quod
1046 995 1237 1043 suscipiat
1284 996 1411 1044 magis
1456 1006 1493 1033 et
1538 996 1682 1033 minus.
1734 999 1832 1033 Item

512 1052 701 1100 precipue
742 1062 850 1089 tante
891 1062 947 1089 est
988 1066 1243 1102 quecumque
1283 1054 1514 1091 substancia
1554 1067 1635 1101 ens,
1682 1064 1831 1103 quante

513 1120 569 1147 est
602 1111 852 1157 substancia3
893 1112 962 1147 sed
996 1111 1131 1160 aliqua
1164 1112 1394 1148 substancia
1428 1121 1485 1148 est
1518 1112 1671 1161 reliqua
1705 1113 1830 1160 magis

513 1181 593 1214 ens,
629 1182 721 1216 ergo
746 1169 880 1217 aliqua
913 1169 1142 1206 substancia
1167 1178 1223 1205 est
1246 1169 1401 1218 reliqua
1425 1169 1552 1218 magis
1586 1170 1829 1208 substancia.

568 1228 629 1263 Ad
654 1226 830 1274 primum
855 1226 1012 1273 dicitur,
1038 1229 1145 1275 quod
1169 1227 1413 1274 substancia,
1439 1228 1541 1264 sicut
1565 1237 1601 1265 et
1625 1228 1833 1276 quodlibet

511 1284 619 1321 aliud
667 1297 803 1332 genus,
851 1286 969 1321 habet
1016 1294 1149 1333 preter
1193 1285 1394 1322 racionem
1440 1285 1514 1322 sibi
1561 1286 1832 1331 essencialem,

512 1342 739 1390 passionem
786 1343 846 1379 vel
890 1342 1180 1390 proprietatem
1226 1342 1299 1379 sibi
1345 1343 1650 1389 accidentalem,
1698 1353 1734 1380 et
1775 1356 1833 1380 se—

511 1401 688 1436 cundum
727 1401 836 1437 illam
876 1410 1005 1448 potest
1044 1400 1246 1448 suscipere
1286 1401 1411 1449 magis
1451 1411 1518 1438 aut
1558 1401 1707 1448 minus;
1751 1415 1833 1438 non

511 1467 645 1494 autern
670 1460 891 1495 secundum
917 1458 1174 1495 essencialem
1199 1458 1416 1505 racionem,
1442 1468 1484 1495 ut
1507 1459 1615 1496 racio
1634 1459 1833 1508 posterior

511 1516 740 1553 substancia
780 1526 816 1553 et
849 1517 963 1565 quasi
1001 1516 1133 1564 passio
1173 1516 1247 1552 sibi
1286 1516 1609 1564 inseparabiliter
1648 1517 1831 1554 acciden—

511 1574 643 1610 taliter
683 1583 739 1610 est
779 1587 849 1622 per
887 1587 927 1611 se
966 1574 1092 1611 subici
1131 1574 1370 1611 accidentali
1410 1576 1606 1621 absoluto,
1647 1584 1689 1611 ut
1722 1584 1832 1623 patet

511 1641 612 1679 post,
659 1641 696 1668 et
735 1634 956 1669 secundum
1002 1634 1077 1669 hoc
1121 1632 1223 1669 sicut
1269 1634 1489 1669 secundum
1535 1633 1828 1669 subieccionem

511 1690 800 1738 predicacionis
840 1699 897 1727 est
936 1690 1066 1738 prima
1106 1690 1336 1727 substancia
1376 1690 1547 1727 maxime
1586 1690 1830 1735 substancia,

510 1757 553 1784 ut
586 1748 682 1784 dicit
716 1748 996 1797 Philosophus,
1031 1748 1070 1784 id
1104 1757 1162 1785 est
1195 1749 1321 1796 magis
1355 1750 1509 1785 substat
1542 1748 1739 1786 accidenti
1772 1749 1832 1785 vel

511 1805 794 1854 predicacioni.

220 1866 404 1928 1b13Qua1¹1ty
425 1875 494 1928 ῐῗῖῑξὶζ
568 1866 616 1900 Et
649 1877 718 1912 per
752 1866 826 1901 hoc
850 1874 958 1913 patet
991 1866 1040 1900 ad
1073 1866 1307 1901 secundum.
1342 1867 1442 1901 Nam
1468 1864 1639 1913 qualitas
1669 1877 1748 1912 quo
1782 1866 1831 1901 ad

239 1910 493 1971 senamnffesstf’rbff*
509 1922 775 1959 intensionem
807 1931 843 1959 et
867 1922 1159 1969 remissionem,
1194 1935 1270 1971 que
1300 1931 1357 1959 est
1381 1922 1462 1959 eius
1486 1922 1631 1970 passio,
1666 1921 1832 1970 suscipit

231 1971 482 2034 iitnrietfflaiizssiliffi
510 1979 636 2027 magis
670 1989 707 2016 et
741 1980 885 2027 minus,
921 1993 1011 2017 cum
1045 1993 1124 2017 una
1157 1980 1206 2016 sit
1240 1980 1366 2029 magis
1399 1982 1517 2028 longa
1539 1981 1601 2017 vel
1627 1981 1726 2026 lata,
1760 1981 1829 2016 sed

312 2049 406 2068 same.
509 2039 664 2074 nullum
700 2038 868 2075 istorum
903 2051 1092 2087 generum
1126 2039 1291 2087 suscipit
1314 2052 1394 2087 quo
1428 2040 1477 2075 ad
1510 2038 1713 2075 racionem
1748 2038 1830 2074 eius

510 2095 769 2132 essencialem
804 2096 930 2144 magis
964 2106 1031 2133 aut
1065 2096 1210 2132 minus.

231 2157 478 2192 111.‘Ens’mav
567 2155 627 2190 Ad
661 2154 829 2190 tercium
865 2154 1023 2200 dicitur,
1064 2156 1170 2202 quod
1203 2154 1276 2191 iste
1309 2154 1502 2191 terminus
1543 2155 1666 2201 „ens”
1701 2163 1832 2202 potest

230 2192 309 2253 uszdr
325 2194 376 2253 ξὲἱ
393 2200 488 2254 {gtesnus
509 2224 736 2260 supponere
769 2211 1005 2260 simpliciter
1037 2226 1109 2260 pro
1142 2225 1286 2260 genere
1318 2213 1378 2249 vel
1412 2212 1494 2248 eius
1526 2212 1672 2260 specie,
1707 2220 1743 2249 et
1776 2212 1831 2248 sic

293 2262 423 2296 species.
511 2279 568 2306 est
601 2270 829 2317 proposicio
862 2283 966 2307 vera.
1008 2270 1047 2307 Si
1086 2279 1220 2307 autern
1261 2271 1451 2318 analoyce
1483 2278 1696 2321 supponat,
1735 2278 1857 2307 tunc.

510 2328 605 2364 false
652 2327 884 2376 implicatur
931 2328 1125 2376 equalitas
1175 2328 1278 2365 inter
1330 2328 1533 2365 racionem
1586 2327 1741 2376 generis
1794 2336 1831 2363 et

510 2385 713 2422 racionem
744 2386 1075 2432 transcendentis,
1110 2399 1187 2434 que
1219 2399 1300 2422 non
1332 2395 1463 2433 potest
1495 2398 1591 2432 esse,
1625 2398 1715 2422 cum
1750 2398 1830 2421 non

509 2452 640 2491 potest
674 2456 756 2480 esse
789 2443 984 2492 equalitas
1006 2444 1067 2480 vel
1099 2443 1262 2492 propria
1295 2443 1549 2492 comparacio
1571 2443 1675 2480 inter
1706 2456 1828 2480 unam

580 2554 625 2582 35.
651 2555 725 2582 Cori.
737 2564 746 2580 .·
769 2555 941 2590 compacio.

579 2626 610 2658 8.
647 2627 699 2668 Cf.
734 2628 873 2658 Aristot.
907 2627 980 2658 Cat.
1014 2627 1054 2658 ΙΙΙ
1089 2638 1107 2668 7
1147 2627 1229 2666 (Ed.
1268 2627 1354 2659 Par.
1390 2627 1409 2659 I
1438 2629 1471 2665 3,
1500 2628 1548 2658 34
1575 2627 1647 2667 ss.).
1674 2625 1757 2658 ’Έτι
1789 2624 1827 2658 αἱ

510 2675 652 2714 πρῶται
676 2670 806 2711 οὐσίαι,
831 2671 891 2704 διὰ
918 2670 958 2704 τὸ
978 2674 1053 2710 τοῖς
1071 2671 1189 2710 ἄλλοις
1206 2671 1342 2704 ἅπασιν
1365 2671 1597 2714 ὑποκεῖσθαι,
1623 2671 1683 2704 καὶ
1708 2671 1827 2704 πάντα

511 2716 554 2750 τὰ
586 2717 672 2750 ἄλλα
704 2717 794 2750 κατὰ
827 2719 968 2750 τούτων
998 2719 1293 2761 κατηγορεῖσθαι,
1333 2715 1354 2760 ἢ
1392 2715 1431 2750 ἐν
1466 2717 1595 2756 αὐταῖς
1626 2713 1729 2758 εἶναι,
1766 2717 1827 2749 διὰ

511 2767 617 2796 τοῦτο
649 2763 803 2806 μάλιστα
836 2763 957 2796 οὐσίαι
990 2763 1163 2806 λέγονται·
1309 2765 1360 2804 26.
1395 2766 1496 2797 Arist.
1531 2766 1603 2803 Cat.
1637 2766 1677 2796 III
1706 2775 1736 2811 7.
1772 2766 1824 2809 Cf,

511 2816 631 2842 notam
655 2812 942 2853 praecedentem.

1855 837 1893 857 10

1854 1115 1890 1146 15
