2056 3234
154 835 190 855 10

207 188 295 215 CAP-
318 189 353 215 V·
532 192 591 223 DE
618 192 740 223 ENTE
768 192 1189 224 PREDICAMENTALI.
1747 187 1796 232 43

206 303 253 337 de
297 309 387 337 octo
430 299 558 336 modis
602 298 838 335 inexistendi
883 307 920 335 et
964 311 1007 335 ex
1049 299 1240 336 divisione
1287 300 1386 336 entis
1429 313 1515 347 pre-

207 358 323 394 dicta.

264 417 447 452 Secundo
480 423 602 462 patet,
637 416 743 462 quod
767 413 798 449 si
821 426 902 450 non
926 423 982 450 cst
1006 414 1135 462 prima
1158 415 1400 461 substancia,
1435 428 1516 451 non
1539 431 1563 451 2.
1585 426 1748 461 substance
1768 423 1794 450 is

206 484 263 511 est
296 473 459 521 aliquod
493 484 560 508 ens
594 472 946 519 predicamentale‚
992 472 1098 520 quia,
1145 472 1176 508 si
1222 486 1302 509 non
1336 482 1392 509 est
1424 474 1516 509 sub·
1542 458 1790 528 ἓζξάἳέζζῃῗῇξζιξ

206 531 371 576 stancia,
416 543 496 567 non
542 538 599 566 est
643 530 830 575 secunda,
877 542 967 565 cum
1013 539 1201 566 causatur
1244 529 1462 567 subiective
1495 543 1516 566 a
1735 522 1736 525 ¹

206 589 357 638 prima3
411 597 447 624 et
495 587 525 623 si
573 600 654 623 non
701 595 758 623 est
796 587 1039 633 substancia,
1092 601 1173 624 non
1217 597 1274 624 est
1317 588 1515 633 accidens,

208 660 300 695 ergo
334 656 405 683 etc.
460 644 697 681 Substancia
742 656 834 692 ergo
880 653 937 681 θεῖ
977 645 1080 681 basis
1130 654 1166 681 et
1208 646 1516 682 fundamentum

205 704 393 742 omnibus
426 703 524 739 aliis.

263 761 406 798 Tercio
440 769 560 808 patet,
595 761 704 808 quod
737 772 816 796 una
861 769 897 796 et
943 761 1083 796 eadem
1129 761 1306 797 essencia
1345 770 1402 797 est
1435 773 1517 797 ma-
1531 767 1556 807 3.
1582 769 1619 796 all
1641 769 1806 796 substance

208 819 318 865 teria,
363 819 492 855 forma
537 826 574 854 et
616 817 713 853 unio
757 817 930 855 illarum.
983 818 1150 854 Materia
1196 818 1301 854 enirn
1347 831 1428 854 non
1461 803 1804 865 estssssfflmtffgfsshfl‘i'gffi

207 877 282 914 nisi
317 876 493 914 essencia
525 876 708 912 absoluta
740 888 855 923 posse
895 875 1060 912 existere
1103 877 1163 912 vel
1207 875 1430 922 informari,
1481 885 1518 913 et

207 937 334 972 forma
366 947 446 970 non
479 942 537 969 est
569 932 643 969 nisi
677 934 845 969 eandem
878 933 1097 969 essenciam
1122 934 1331 970 actualiter
1354 934 1518 970 existere

206 994 267 1029 vel
298 990 521 1037 informari,
568 1000 606 1027 et
652 990 749 1027 unio
788 990 954 1027 istorum
996 1004 1077 1027 non
1125 1000 1183 1027 est
1227 991 1302 1027 nisi
1349 993 1516 1028 eandem

208 1049 427 1088 essenciam
461 1061 544 1086 esse
576 1061 701 1085 unum
736 1061 779 1084 ex
812 1050 899 1095 hoc⁷
945 1050 1053 1097 quod
1096 1049 1319 1086 formaliter
1362 1058 1420 1085 est
1464 1048 1517 1093 id,

175 1109 315 1157 §quod
359 1116 416 1144 est
460 1109 510 1144 ad
554 1107 638 1144 eius
682 1106 925 1154 potenciam,
975 1115 1012 1143 et
1054 1115 1185 1143 totum
1232 1108 1307 1144 hoc
1352 1116 1409 1144 est
1452 1107 1516 1143 illa

209 1177 397 1203 essencla.

266 1226 321 1259 Ex
353 1236 432 1271 quo
465 1231 587 1271 patet,
633 1224 740 1271 quod
786 1222 963 1271 quelibet
1009 1222 1187 1259 essencia
1220 1231 1277 1259 est
1310 1231 1518 1270 perpetum

208 1281 303 1330 quia
335 1294 417 1317 non
449 1289 582 1328 posset
615 1280 793 1317 desinere
827 1292 923 1326 esse,
957 1279 1032 1316 nisi
1066 1293 1136 1328 per
1164 1280 1517 1325 anichilacionem‚

209 1341 276 1376 sed
308 1338 431 1375 nichil
463 1347 592 1386 potest
625 1337 847 1383 anichilari‚
880 1347 924 1374 ut
946 1337 1010 1374 hic
1034 1338 1292 1386 supponitur3
1328 1351 1420 1386 ergo
1444 1347 1517 1374 etc.

267 1397 452 1434 Secundo
486 1405 608 1444 patet,
643 1397 751 1445 quod
784 1395 929 1432 accidit
961 1395 1149 1443 esseneie,
1183 1397 1291 1444 quod
1324 1395 1374 1432 sit
1404 1395 1518 1444 ignis,

209 1467 277 1491 aer
308 1455 369 1490 vel
401 1453 511 1490 aliud
545 1466 689 1502 corpus
722 1455 1020 1502 quodcumque,
1066 1466 1158 1501 ymo
1203 1455 1312 1502 quod
1344 1453 1393 1490 sit
1426 1466 1520 1490 con-

210 1512 365 1548 tinuum
409 1512 469 1548 vel
505 1511 734 1548 discretum.
787 1514 889 1548 Nam
925 1511 1092 1548 materia
1136 1511 1266 1559 prima
1310 1524 1391 1548 non
1435 1524 1520 1547 cor-

211 1569 413 1617 rumpitur
457 1578 620 1617 propter
664 1568 946 1617 generaciones
991 1568 1222 1605 huiusmodi
1269 1570 1518 1614 formarum3

211 1629 279 1664 sed
313 1636 448 1664 manet
481 1628 552 1663 sub
586 1627 778 1675 qualibet⁷
822 1626 1034 1664 contrariis
1078 1626 1217 1663 formis
1250 1640 1322 1674 pro
1355 1626 1519 1663 diversis

212 1685 479 1733 temporibus;
514 1697 607 1733 ergo
642 1694 679 1721 et
712 1684 900 1731 essencia‚
934 1697 1011 1733 que
1044 1694 1102 1721 est
1124 1684 1190 1721 illa
1214 1684 1394 1730 materia,
1428 1697 1518 1721 cum

212 1742 379 1779 materia
423 1742 517 1779 dicit
558 1743 662 1779 ultra
706 1742 924 1779 essenciam
969 1742 1209 1779 relacionem
1254 1744 1304 1779 ad
1348 1743 1518 1779 formam

210 1801 249 1836 in
282 1799 500 1837 communi.
548 1800 691 1837 Tercio
724 1809 846 1848 patet,
880 1802 988 1849 quod
1021 1800 1196 1849 quelibet
1241 1800 1417 1836 essencia
1463 1808 1519 1835 est

210 1868 335 1903 terna,
370 1857 464 1906 quia
496 1857 671 1906 quelibet
703 1858 792 1895 talis
825 1867 882 1894 est
914 1867 992 1894 tres
1025 1871 1099 1904 res,
1140 1871 1311 1906 quarum
1345 1857 1520 1906 quelibet

211 1925 268 1952 θεῖ
301 1915 479 1952 eiusdem
512 1916 737 1952 communis
771 1915 960 1962 essencia,
994 1915 1143 1953 scilicet
1175 1915 1374 1964 potencia,
1408 1924 1520 1951 actus

155 1978 169 2010 ,⁶
212 1983 248 2010 et
280 1973 375 2010 unio
409 1986 546 2010 eorum
581 1982 654 2010 etc.

738 2065 759 2083 ἦέ·

355 2191 580 2231 CAPITIS
615 2191 819 2239 QUINTI
854 2191 1143 2230 APPENDIX
1177 2189 1367 2230 PRIOR.

270 2286 347 2322 Sed
396 2293 535 2322 contra
584 2286 655 2321 hec
702 2285 777 2322 tria
825 2284 930 2321 dicta
977 2283 1151 2320 obicitur
1202 2296 1272 2332 per
1323 2284 1518 2320 ordinem.
1573 2300 1715 2329 Solution
1737 2299 1772 2327 of

213 2343 347 2379 Primo
381 2352 520 2379 contra
565 2343 768 2379 racionem
814 2341 1041 2378 substancie
1086 2341 1359 2390 supradictam
1405 2334 1809 2403 ειῑςιι-ῑὴῶἒῇξζῑὲζξὲζξὸ

200 2409 415 2436 ·mentatur
447 2400 520 2437 sic:
567 2402 614 2436 de
658 2400 805 2437 nullius
850 2399 1022 2436 absoluti
1067 2399 1227 2436 racione
1266 2399 1425 2435 formali
1464 2409 1521 2435 est
1560 2413 1616 2432 our
1637 2404 1783 2440 position.

157 2458 376 2502 351·elacio;
411 2459 478 2494 sed
511 2458 739 2494 substancia
772 2470 1026 2506 quecumque
1060 2466 1118 2493 est
1151 2457 1392 2502 absolutum,
1428 2470 1521 2505 ergo

211 2529 291 2552 non
325 2516 443 2552 habet
476 2516 717 2552 relacionem
751 2517 799 2552 de
833 2515 992 2551 racione
1015 2528 1086 2551 sua
1109 2514 1288 2561 formali3
1322 2516 1390 2551 sed
1414 2515 1521 2551 racio

212 2572 442 2620 supradicta
494 2573 606 2620 ponit
659 2573 881 2610 formaliter
933 2572 1173 2608 relacionem
1228 2572 1413 2619 potencie
1471 2574 1521 2608 ad

212 2640 359 2676 actum,
394 2644 485 2678 ergo
519 2640 592 2667 etc.

281 2762 321 2781 10.
346 2752 439 2781 Cocl.:
465 2738 515 2780 m‘a'i
535 2761 549 2792 ζ
572 2738 630 2780 soii.q
698 2761 738 2787 u).
762 2752 819 2786 liic]
843 2752 928 2779 coast:
958 2752 988 2779 ht
1009 2754 1051 2786 <=
1074 2750 1186 2785 habet).
1208 2789 1239 2796 Α
1255 2750 1301 2779 30.
1326 2751 1420 2779 Cocl.:
1449 2751 1521 2778 unio

210 2811 332 2853 illorum
353 2818 469 2837 eorum.
545 2809 586 2837 32.
612 2809 706 2837 Cocl.:
733 2810 791 2837 hic.
871 2808 911 2836 35.
937 2809 1029 2837 Cod.:
1055 2801 1147 2836 r'laffi
1168 2807 1189 2835 s'
1205 2801 1239 2850 ft}
1259 2794 1389 2850 'suge-icta
1414 2807 1435 2835 s'
1457 2808 1520 2836 sba.
