2056 3234
210 181 263 214 44

943 181 1166 212 JOHANNIS
1194 181 1361 212 WICLIF
1663 181 1750 208 CAP.
1772 181 1809 208 V.

558 290 655 323 Item
688 287 856 331 videtur,
904 288 1011 334 quod
1050 287 1139 323 talis
1174 287 1361 335 potencia
1394 287 1442 324 sit
1477 298 1626 333 eterna,
1674 299 1710 325 et
1743 302 1813 337 per

499 358 747 393 consequens
779 344 903 380 nichil
936 353 993 381 est
1027 344 1211 391 creabile,
1246 358 1337 381 cum
1370 345 1597 382 necessario
1630 347 1812 393 materia,

499 416 575 451 que
600 412 656 439 est
680 402 878 450 potencia,
912 402 962 438 sit
984 411 1122 439 eterna
1149 402 1385 449 formaliter,
1410 416 1660 452 consequens
1684 407 1811 440 Deum

499 470 536 497 et
569 462 725 508 ydeam.

557 521 654 555 Item
687 530 807 554 omne
846 519 1027 554 substare
1072 518 1128 554 rei
1173 517 1382 554 elementis
1427 518 1506 555 suis
1551 520 1847 568 presupponit5

499 589 583 613 esse
616 576 900 624 superstantis;
935 589 1029 623 ergo
1062 575 1291 612 substancia
1326 575 1436 623 prius
1460 577 1580 613 habet
1603 577 1815 614 actualiter

500 648 597 680 esse,
644 643 862 682 antequam
896 635 1017 670 habet
1050 646 1133 670 esse
1166 633 1454 679 substanciale3
1500 643 1538 670 et
1570 648 1660 671 cum
1694 649 1813 672 omne

499 692 713 729 adveniens
765 691 846 728 enti
890 691 931 727 in
975 700 1067 728 actu
1112 691 1161 728 sit
1206 691 1405 737 accidens,
1458 691 1651 741 sequitur,
1706 695 1813 741 quod

496 750 629 787 omnis
662 751 792 786 forma
824 749 1104 785 substancialis
1137 748 1188 786 sit
1222 749 1420 786 accidens.

558 810 618 844 Ad
650 807 827 856 primum
862 807 1022 853 dicitur,
1057 809 1165 856 quod
1198 820 1358 844 omnem
1384 816 1611 845 creaturam
1637 809 1814 856 precedit
1835 824 1873 844 10

499 866 659 911 relacio,
694 865 784 902 ideo
818 874 1070 912 assumptum
1105 874 1163 901 est
1195 866 1352 911 falsum,
1399 879 1489 902 cum
1522 867 1673 903 nullam
1708 880 1816 903 crea-

499 934 632 960 turam
666 923 864 971 contingit
897 923 1109 970 concipere
1142 925 1363 960 secundum
1398 922 1482 959 eius
1511 923 1715 960 racionem
1739 925 1816 961 for-

501 983 661 1026 malem,
724 981 799 1017 nisi
859 980 1125 1028 concipiendo
1178 981 1436 1027 relacionem,
1500 981 1682 1030 quamvis
1734 995 1815 1018 non

500 1048 661 1088 oportet
713 1038 902 1075 distincte
955 1039 1166 1087 concipere
1213 1039 1455 1076 relacionem
1503 1040 1564 1075 vel
1612 1039 1815 1077 racionem

501 1098 792 1145 cuiuscumque
825 1099 874 1134 ad
908 1097 998 1142 hoc,
1033 1098 1142 1145 quod
1174 1096 1307 1144 ipsum
1341 1097 1527 1134 distincte
1550 1097 1814 1146 concipiatur.
1837 1102 1872 1134 15

500 1155 630 1192 Nichil
663 1168 756 1203 ergo
801 1156 926 1200 obest,
972 1156 1081 1202 quod
1125 1156 1354 1191 absolutum
1397 1165 1673 1203 presupponat
1716 1157 1816 1192 rela-

500 1214 671 1258 cionem,
706 1226 827 1261 quam
862 1212 957 1249 dicit
979 1212 1019 1248 in
1042 1225 1111 1249 sua
1137 1213 1297 1249 racione
1320 1213 1494 1250 formali.
1527 1215 1817 1250 Verumtamen

500 1272 609 1308 nulla
641 1270 788 1307 relacio
822 1270 1024 1318 posterior
1055 1271 1286 1307 substancia
1331 1280 1388 1308 est
1433 1273 1481 1308 de
1527 1271 1610 1307 eius
1656 1271 1817 1308 racione

500 1329 671 1375 formali,
722 1338 758 1365 et
803 1328 892 1365 talis
938 1338 995 1365 est
1039 1328 1169 1364 omnis
1216 1329 1362 1366 relacio
1407 1342 1477 1377 per
1521 1342 1561 1365 se
1601 1329 1641 1365 in
1674 1342 1818 1377 genere

501 1387 725 1432 relacionis,
760 1396 802 1423 ut
837 1386 988 1434 patebit
1022 1395 1195 1423 tractatu
1230 1388 1277 1423 de
1311 1387 1529 1431 relacione,
1576 1387 1678 1423 sicut
1711 1387 1817 1423 enim
1835 1400 1876 1420 20

500 1445 731 1481 substancia
762 1453 819 1481 est
843 1445 1058 1492 analogum
1084 1445 1133 1481 ad
1157 1445 1397 1492 signandum
1423 1447 1551 1481 Deum
1577 1454 1614 1481 et
1637 1445 1818 1481 raciones

500 1504 673 1550 ydeales,
720 1512 757 1539 et
789 1503 868 1548 illa,
915 1515 991 1551 que
1025 1515 1096 1550 per
1128 1516 1168 1539 se
1201 1512 1293 1539 sunt
1325 1503 1365 1539 in
1398 1515 1541 1551 genere
1575 1503 1816 1549 substancie,

500 1561 602 1597 sicut
636 1570 693 1596 est
726 1562 774 1597 de
808 1560 1009 1597 relacione
1043 1570 1080 1597 et
1113 1560 1255 1597 ceteris
1289 1560 1509 1608 principiis.

557 1620 616 1655 Ad
655 1620 877 1654 secundum
912 1618 1071 1664 dicitur,
1106 1620 1213 1667 quod
1247 1619 1391 1666 duplex
1425 1627 1482 1654 est
1506 1631 1635 1666 posse,
1669 1618 1818 1655 scilicet

501 1689 617 1725 posse
650 1677 823 1724 loycum,⁷
858 1678 966 1724 quod
1001 1677 1193 1713 fundatur
1225 1676 1264 1712 in
1297 1678 1398 1723 ydea
1430 1677 1491 1712 vel
1524 1689 1578 1722 re,
1614 1675 1727 1712 cuius
1761 1686 1817 1713 est
1835 1678 1874 1710 25

502 1747 618 1782 posse
653 1736 874 1770 secundum
910 1747 993 1771 esse
1028 1748 1145 1770 suum
1179 1734 1442 1782 intelligibile,
1477 1743 1514 1770 et
1538 1734 1633 1769 illud
1657 1747 1738 1770 non
1762 1744 1819 1771 est

504 1792 683 1836 materia,
717 1805 789 1829 nec
823 1805 914 1840 pars
947 1792 1184 1828 substancie.
1221 1795 1291 1828 Est
1323 1792 1431 1828 aliud
1456 1805 1572 1840 posse
1595 1801 1816 1837 actuatum,

502 1852 610 1898 quod
640 1846 643 1903 Ι
673 1850 821 1898 incepit
856 1863 939 1886 esse
963 1863 1033 1898 per
1056 1850 1319 1886 creacionem.
1353 1852 1454 1886 Nam
1479 1849 1611 1897 primo
1635 1849 1815 1886 omnium
1834 1852 1871 1882 F.
1892 1862 1952 1895 199

502 1917 679 1945 creatum
717 1918 773 1944 est
807 1920 890 1944 esse
923 1910 1070 1944 nedum
1105 1907 1145 1944 in
1178 1907 1398 1954 communi,
1441 1909 1509 1943 sed
1543 1909 1590 1943 de
1624 1920 1817 1955 quocum-

502 1979 577 2014 que
611 1965 803 2014 singulari
837 1978 921 2002 esse
954 1966 1116 2011 actuali,
1161 1967 1269 2013 quod
1316 1975 1373 2002 est
1418 1965 1504 2001 eius
1543 1966 1672 2001 forma
1706 1978 1813 2001 com-
1834 1969 1875 2001 30

502 2023 757 2069 munissima3
792 2032 932 2059 contra
966 2023 1143 2059 essencia
1177 2032 1234 2059 est
1267 2023 1319 2069 id,
1359 2025 1467 2071 quod
1502 2032 1579 2067 est;
1621 2032 1678 2059 est
1710 2023 1817 2070 prin—

502 2081 650 2129 cipium
685 2081 724 2117 in
758 2081 948 2118 essencia.
995 2080 1183 2117 Essencia
1228 2090 1363 2117 tamen
1410 2080 1589 2129 precedit
1622 2082 1816 2129 quodam-

502 2140 624 2175 modo
672 2141 958 2187 quodcumque
1006 2152 1090 2175 esse
1137 2152 1252 2175 suum
1302 2138 1517 2186 singulare,
1571 2138 1664 2187 quia
1711 2151 1817 2174 nunc

503 2198 621 2233 habet
657 2210 780 2232 unum
816 2206 853 2233 et
886 2210 991 2233 nunc
1025 2197 1147 2242 aliud,
1191 2206 1234 2232 ut
1280 2205 1460 2232 mutatur
1493 2197 1541 2232 de
1573 2209 1654 2232 una
1687 2196 1817 2232 forma

502 2254 761 2290 substanciali
795 2254 835 2290 in
868 2254 1007 2299 aliam3
1042 2264 1078 2290 et
1112 2254 1311 2302 potencia,
1346 2267 1467 2302 quam
1498 2255 1617 2290 habet
1642 2253 1817 2290 essencia
1833 2257 1872 2291 35

503 2314 552 2348 ad
577 2325 661 2348 esse
683 2313 744 2348 vel
776 2313 947 2348 formam
981 2312 1291 2348 substancialem
1327 2312 1366 2347 in
1400 2311 1617 2357 communi,
1650 2320 1817 2348 vocatur

505 2369 684 2416 materia,
718 2370 749 2406 si
783 2379 914 2418 potest
945 2369 1118 2406 vicissim
1153 2369 1330 2417 recipere
1365 2371 1510 2406 multas
1543 2370 1693 2405 formas
1726 2370 1817 2405 sub-

503 2427 728 2472 stanciales‚
762 2436 806 2463 ut
839 2436 949 2475 patet
982 2429 1030 2463 de
1065 2440 1195 2464 massa
1229 2427 1455 2473 sublunari3
1496 2436 1532 2463 et
1565 2426 1596 2463 si
1630 2426 1816 2462 determi-

503 2495 597 2521 nata
630 2485 679 2521 sit
714 2485 891 2521 essencia
924 2487 973 2521 ad
1006 2499 1132 2521 unum
1166 2484 1448 2533 inseparabile,
1483 2494 1526 2521 ut
1560 2484 1736 2521 creditur
1769 2485 1816 2520 de

504 2544 601 2587 celo,
648 2552 745 2579 tunc
776 2552 942 2579 vocatur
982 2543 1220 2588 subiectum,
1266 2552 1309 2579 ut
1348 2542 1568 2579 sentenciat
1602 2543 1874 2587 Commen-4o

503 2609 609 2636 tator
641 2600 681 2637 in
712 2600 814 2637 libro
847 2614 918 2637 suo
952 2602 998 2636 de
1033 2600 1272 2637 Substancia
1307 2600 1446 2647 Orbis,
1482 2609 1518 2637 et
1550 2608 1673 2648 patet,
1708 2601 1815 2648 quod

571 2759 627 2789 41.
656 2750 710 2791 Cf.
737 2749 899 2779 Averrois
927 2748 1164 2780 Cordubensis
1190 2749 1311 2780 Sermo
1339 2749 1380 2780 de
1407 2748 1597 2779 substantia
1623 2747 1716 2779 orbis
1742 2758 1769 2779 c.
1799 2758 1814 2779 2

504 2795 552 2831 (in
591 2795 746 2828 editione
773 2795 971 2827 Arisfotclis
1010 2805 1089 2837 opp.
1123 2796 1251 2827 Veneta
1286 2795 1354 2827 Vol.
1384 2794 1443 2825 IX
1473 2796 1495 2825 4
1522 2801 1553 2827 et
1582 2797 1638 2832 4).·
1677 2795 1816 2836 Corpus
