2056 3234
278 212 331 245 40

320 322 343 350 3.
365 327 396 349 to
417 331 508 358 every

364 357 463 392 being.

355 667 423 694 God
446 667 471 694 is

282 702 492 736 independent
512 702 547 729 of

294 746 385 772 every
405 737 532 764 relation

299 772 335 799 of
352 772 527 800 substance.

308 1129 530 1158 Selfcxistence

285 1165 320 1192 of
337 1164 386 1192 the
406 1169 543 1192 creature

304 1199 464 1234 explained
487 1199 525 1235 by

284 1234 334 1261 the
354 1242 440 1261 exam
468 1234 494 1261 le
514 1235 549 1261 ot

304 1277 374 1296 man
396 1276 434 1295 an
478 1268 525 1295 lis

347 1311 481 1338 sperma.

1011 207 1235 238 ,IOHANNIS
1261 206 1428 237 WlClalF
1728 205 1816 232 CAP.
1838 206 1875 232 Vi

623 313 765 350 Tercio
800 314 919 349 modo
952 312 1099 348 dicitur
1131 311 1337 359 quodlibet
1370 325 1437 348 ens
1470 325 1540 360 per
1573 326 1613 349 se
1648 315 1708 350 vel
1740 326 1879 350 seeun-

567 372 661 407 dum
686 383 725 407 se
751 384 847 416 esse,
881 379 924 406 ut
947 378 1057 419 patet
1079 373 1127 414 40
1150 369 1412 416 Metaphisice
1436 380 1665 407 commento
1688 373 1876 417 secundo,

567 438 604 465 et
640 429 683 464 50
707 427 989 476 Metaphisisce
1030 427 1098 463 130
1124 436 1161 463 et
1201 430 1285 473 140.
1321 427 1537 472 Quodlibet
1571 428 1675 464 enim
1710 429 1788 465 tale
1822 438 1879 465 est

567 499 637 534 per
669 498 709 522 se
743 499 859 522 suurn
894 497 1030 534 genus,
1076 493 1114 521 et
1153 497 1224 532 per
1255 497 1296 521 se
1328 484 1551 521 subiectum
1585 499 1655 522 sue
1688 486 1876 534 passioni.

566 546 688 580 Istum
734 552 869 581 tamen
914 544 1079 580 modum
1125 542 1279 579 essendi
1323 554 1394 590 per
1440 555 1481 579 se
1524 552 1669 580 vocant
1713 543 1876 592 quidam

569 603 732 638 modum
767 601 925 638 dicendi
958 613 1030 649 per
1062 612 1116 636 se.

624 661 672 696 Et
704 669 815 707 patet
846 661 980 708 quoad
1012 658 1201 706 primum,
1237 659 1345 706 quod
1378 657 1568 706 equivoce
1598 672 1620 695 a
1649 659 1879 696 substancia

567 717 712 753 dicitur
745 719 851 753 Deus
884 730 955 766 per
987 729 1027 752 se
1067 728 1163 762 esse,
1210 717 1318 763 quod
1352 715 1400 751 sit
1432 715 1623 753 immunis
1662 729 1683 753 a
1717 716 1878 753 racione

567 775 806 821 substancie‚
853 788 943 811 cum
988 774 1099 810 nulla
1143 785 1313 821 persona
1353 773 1486 810 divina
1518 774 1567 811 sit
1599 774 1786 823 potencia
1818 787 1878 810 re-

567 842 704 880 spectu
739 833 914 878 alterius,
949 845 1026 881 que
1059 831 1107 867 sit
1142 831 1224 867 eius
1258 840 1382 878 actus,
1417 831 1512 880 quia
1544 841 1650 869 totus
1683 834 1788 868 Deus
1822 842 1878 868 est

567 899 678 926 actus
711 904 847 939 purus,
894 890 1006 927 cuius
1044 901 1160 937 posse
1195 901 1277 925 esse
1309 890 1370 926 vel
1403 901 1485 925 esse
1518 889 1765 938 intelligibile
1798 903 1879 926 non

567 948 745 996 precedit
779 948 862 985 eius
896 961 978 984 esse
1003 946 1180 991 existere,
1214 956 1257 983 ut
1280 955 1391 994 patet
1415 960 1458 984 ex
1482 947 1598 984 dictis
1622 957 1660 984 et
1683 947 1877 984 dicendis.

567 1007 644 1043 Sed
676 1007 792 1054 longe
825 1006 940 1042 aliter
973 1014 1030 1041 est
1063 1006 1110 1041 de
1144 1004 1382 1041 substanciis
1416 1005 1572 1051 creatis,
1619 1018 1696 1054 que
1741 1018 1879 1042 secun-

567 1065 662 1100 dum
697 1077 780 1101 esse
813 1064 970 1100 actuale
1003 1072 1287 1111 supponuntur
1331 1063 1460 1099 solum
1510 1076 1594 1100 esse
1638 1062 1877 1100 substancie.

623 1123 684 1158 Ad
717 1123 938 1158 secundum
974 1121 1208 1157 conceditur
1231 1120 1364 1168 prima
1387 1121 1610 1167 conclusio3
1645 1121 1747 1158 sicut
1771 1120 1877 1157 enim

567 1180 742 1227 theologi
770 1187 920 1229 ponunt
953 1179 1156 1215 hominem
1182 1190 1372 1227 generare
1397 1191 1451 1225 se,
1485 1179 1629 1227 posito,
1664 1180 1771 1227 quod
1795 1191 1879 1215 mas

567 1237 727 1274 decidat
774 1250 923 1282 semen,
979 1246 1015 1274 et
1062 1237 1148 1285 ipso
1197 1245 1400 1284 corrupto,
1454 1246 1671 1285 antequam
1720 1249 1879 1285 sperma

567 1304 727 1343 aptetur
759 1295 988 1332 induccioni
1022 1295 1167 1339 anime,
1208 1294 1342 1330 anima
1376 1293 1552 1331 eiusdem
1600 1294 1721 1331 maris
1764 1294 1879 1331 indu-

567 1362 681 1389 catur
712 1353 752 1389 in
785 1353 995 1390 materiam
1029 1353 1140 1401 prius
1174 1352 1371 1397 decisam3
1406 1361 1443 1388 et
1466 1352 1523 1388 sic
1546 1352 1697 1399 dicunt,
1730 1352 1877 1400 posito,

566 1412 673 1459 quod
707 1411 807 1459 ignis
840 1410 1140 1459 particulariter
1172 1419 1383 1458 generetur
1416 1422 1459 1446 ex
1493 1411 1624 1446 calore
1648 1419 1685 1447 et
1709 1409 1878 1446 materia

565 1468 731 1516 ignibili,
785 1469 841 1505 ita
893 1470 1001 1517 quod
1046 1481 1126 1505 non
1173 1468 1222 1504 sit
1269 1467 1372 1515 ignis
1424 1480 1617 1516 generans
1661 1469 1711 1504 ad
1756 1477 1876 1511 extra,

565 1539 637 1563 nec
661 1526 710 1562 sit
743 1536 838 1563 tunc
873 1528 967 1563 dare
999 1526 1175 1575 primum
1209 1525 1341 1573 ignem
1375 1535 1623 1574 generatum,
1656 1534 1751 1562 tunc
1784 1525 1879 1562 dici-

565 1593 643 1630 tur,
689 1586 797 1632 quod
842 1584 1010 1633 quilibet
1053 1584 1154 1632 ignis
1198 1593 1411 1631 generatur
1458 1583 1521 1620 hic
1570 1597 1592 1620 a
1638 1596 1711 1620 suo
1758 1583 1878 1620 simili

565 1642 605 1678 in
657 1642 801 1690 specie,
866 1651 903 1678 et
955 1642 1060 1678 idem
1118 1641 1264 1678 dicitur
1316 1643 1364 1678 de
1417 1654 1660 1690 quocunque
1712 1653 1879 1689 corpore

564 1700 752 1746 naturali,
799 1700 911 1736 cuius
956 1713 1035 1736 una
1080 1712 1172 1747 pars
1217 1699 1483 1747 quantitativa
1529 1708 1692 1747 generat
1736 1699 1877 1745 aliam3

564 1758 667 1803 ideo,
701 1758 802 1794 sicut
834 1771 914 1794 non
947 1766 1143 1806 repugnat
1175 1757 1282 1793 idern
1316 1759 1535 1793 secundum
1568 1770 1689 1793 unam
1723 1765 1878 1804 partem

565 1828 682 1863 agere
715 1815 754 1851 in
798 1828 838 1852 56
883 1817 1102 1852 secundum
1149 1815 1282 1861 aliam,
1328 1828 1420 1863 ymo
1467 1816 1780 1863 correspondere
1824 1827 1878 1859 se,

565 1873 747 1921 quamvis
780 1886 861 1910 non
894 1886 964 1921 per
996 1886 1036 1910 se
1070 1882 1107 1909 et
1141 1872 1286 1921 primo,
1332 1873 1387 1909 sic
1430 1885 1503 1909 nec
1544 1881 1740 1921 repugnat
1772 1872 1876 1908 idem

566 1944 731 1967 causare
765 1944 805 1967 se
838 1933 1059 1968 secundum
1094 1931 1177 1967 eius
1211 1939 1342 1978 partes
1376 1930 1644 1979 qualitativas,
1684 1930 1739 1967 ita
1771 1931 1878 1979 quod

565 1998 757 2037 sequatur
790 2002 882 2037 pars
914 1989 1040 2034 istius,
1075 1989 1178 2025 sicut
1212 1997 1350 2025 causat
1379 2001 1450 2036 pro
1474 2001 1675 2034 mensura,
1709 2001 1789 2036 qua
1822 1996 1879 2024 est

566 2060 678 2094 par53
712 2059 806 2094 ergo
839 2056 876 2083 et
907 2056 1038 2083 totum
1073 2048 1294 2083 secundum
1328 2046 1436 2083 illam
1470 2055 1639 2094 partem.
1694 2045 1879 2091 Q-uelibet

566 2117 658 2152 ergo
691 2117 782 2152 pars
815 2104 1082 2153 quantitativa
1115 2103 1342 2141 substancie
1381 2103 1576 2140 sensibilis
1622 2113 1680 2140 est
1723 2116 1794 2152 per
1838 2115 1878 2139 se

565 2175 645 2207 ens,
680 2171 718 2198 et
751 2175 818 2199 ens
851 2171 956 2208 actu,
1004 2164 1072 2199 sed
1117 2175 1198 2199 non
1240 2161 1462 2199 formaliter
1504 2175 1596 2210 pars
1629 2160 1877 2210 qualitativa,

634 2285 674 2312 16.
698 2288 818 2319 ponunt
836 2284 954 2311 addidi.
980 2284 1073 2311 Cod.:
1101 2292 1133 2311 se
1154 2286 1218 2318 poto
1240 2286 1306 2319 p020
1327 2284 1421 2319 quod.

639 2367 664 2389 1.
687 2356 738 2398 Cf.
758 2356 920 2387 Averrois
939 2366 1064 2388 comm.
1084 2357 1117 2387 in
1136 2357 1239 2388 Arist.
1265 2357 1346 2388 Met.
1373 2356 1417 2387 IV
1439 2366 1454 2387 2
1483 2355 1566 2397 (Ed.
1589 2356 1667 2388 Ven.
1693 2356 1761 2388 vol.
1785 2356 1878 2395 VIII,

556 2404 589 2444 f.
618 2403 695 2443 31).-
719 2401 860 2434 Deinde
892 2403 1040 2444 incoepit
1066 2403 1250 2435 declarare
1278 2402 1410 2441 modos,
1443 2402 1633 2435 secundum
1660 2412 1745 2444 quos
1772 2403 1877 2433 attri-

564 2449 719 2479 buuntur
744 2449 975 2488 substantiae,
1002 2453 1036 2480 et
1063 2450 1145 2481 dicit
1171 2449 1347 2491 quaedam
1376 2449 1467 2480 enirn
1495 2448 1661 2480 dicuntur
1688 2448 1784 2481 entia
1805 2453 1878 2487 etc„

564 2494 600 2525 id
635 2498 686 2527 est
718 2494 897 2536 quoddam
930 2495 1063 2526 dicitur
1094 2505 1164 2532 ens,
1203 2496 1285 2536 quia
1317 2499 1368 2526 est
1399 2496 1556 2527 existens
1584 2505 1650 2537 per
1684 2504 1730 2533 se,
1762 2500 1795 2526 ct
1827 2499 1876 2526 est

564 2541 781 2579 substantia;
796 2546 829 2572 et
844 2541 1022 2581 quoddam
1039 2541 1170 2573 dicitur
1184 2551 1255 2580 ens,
1271 2541 1351 2582 quia
1367 2545 1416 2572 est
1428 2541 1549 2583 passio
1564 2541 1785 2572 substantiae
1798 2563 1806 2571 .
1823 2565 1829 2572 .
1846 2567 1852 2574 .
1869 2565 1876 2572 .

565 2597 598 2638 7..
631 2586 731 2624 Quae
758 2587 858 2617 Arist.
896 2588 974 2620 Met
1002 2588 1031 2617 V
1064 2589 1099 2620 13
1128 2594 1160 2618 et
1192 2598 1229 2628 14
1266 2587 1461 2629 antiquitus
1495 2588 1713 2629 legebantur,
1750 2587 1784 2618 in
1818 2597 1877 2618 no-

563 2632 717 2664 vissimis
744 2633 955 2664 editionibus
982 2633 1212 2665 inveniuntur
1236 2634 1313 2664 libr.
1344 2634 1394 2664 IV
1420 2635 1438 2664 7
1464 2614 1545 2673 (Deo
1556 2633 1648 2673 ente)
1683 2632 1763 2684 (Ed.
1790 2632 1876 2664 Par.

564 2678 602 2708 II
620 2680 706 2717 520
722 2681 769 2711 44
785 2679 866 2714 siml:
888 2675 978 2710 Τὸ
959 2690 1001 2710 ov
1017 2677 1152 2720 λέγεται
1170 2679 1209 2711 τὸ
1228 2677 1293 2721 μὲν
1310 2677 1401 2710 κατὰ
1420 2676 1650 2731 συμβεβηκός,
1677 2674 1718 2710 τὸ
1735 2676 1774 2710 δὲ
1792 2677 1876 2710 καθ’

564 2721 680 2756 αὑτό.
727 2749 734 2755 .
757 2748 764 2755 .
804 2724 904 2755 Καθ’
943 2723 1035 2756 αὑτὰ
1072 2722 1110 2756 δὲ
1153 2719 1245 2756 εἶναι
1280 2723 1418 2765 λέγεται
1456 2721 1592 2768 ὅσαπερ
1631 2723 1797 2767 σημαίνει
1833 2722 1876 2755 τὰ

564 2749 726 2816 σχήματᾷ
757 2773 821 2812 τῆς
852 2770 1084 2813 κατηγορίας·
1124 2768 1265 2813 ὁσαχῶς
1296 2769 1362 2814 γὰρ
1393 2769 1541 2812 λέγεται,
1572 2773 1803 2814 τοσαυταχῶς
1835 2767 1875 2802 τὸ

566 2827 657 2847 &allah
683 2826 832 2858 677111,ᾱὶνὲ
819 2827 858 2847 ‹-.L

1897 847 1935 867 IO

1899 1124 1934 1156 15

1895 1992 1909 2003 η

1895 2002 1936 2024 30
