2056 3234
202 212 291 240 CAP-
311 213 333 239 Ι-
536 214 594 245 DE
621 213 742 245 ENTE
771 212 1191 244 PREDICAMENTALI.
1776 203 1792 238 5

261 319 348 356 Istis
382 318 599 368 suppositis
631 327 755 367 patet,
789 319 897 367 quod
929 317 1206 366 restringendo
1236 330 1304 354 ens
1326 316 1508 365 predica-
1522 322 1589 352 The
1609 324 1797 364 categories,

203 378 376 415 mentale
409 379 459 414 ad
491 377 602 424 illud,
637 377 742 426 quod
775 389 844 425 per
868 388 907 413 se
938 385 995 413 est
1027 376 1067 412 in
1100 375 1236 424 aliquo
1260 376 1396 412 decem
1420 387 1508 423 pre·
1536 360 1732 427 just-[ffffissssn
1753 394 1782 422 in

202 436 536 481 dicamentorum,
570 443 660 471 sunt
684 434 879 483 quotlibet
902 434 1027 480 encia⁷
1059 446 1231 482 quorum
1263 433 1416 469 nullum
1452 441 1508 469 est
1592 430 1725 464 general.

201 493 423 530 formaliter
456 505 523 529 ens
556 492 907 541 predicamentale,
941 501 983 528 ut
1016 500 1125 539 patet
1152 492 1199 527 de
1224 493 1321 537 Deo,
1355 489 1508 526 unitate

168 555 237 588 5et
256 559 418 599 puncto,
443 563 532 587 cum
557 550 643 586 aliis
666 550 873 598 principiis
898 558 1005 586 extra
1028 561 1164 597 genus.
1188 549 1374 585 Secundo
1399 556 1508 596 patet

200 609 306 645 idem
341 610 388 645 de
421 608 618 657 quotlibet
651 607 962 656 privacionibus,
996 619 1085 655 que,
1120 606 1302 655 quamvis
1325 618 1405 642 non
1429 605 1507 642 sint

202 666 366 715 aliquod
417 679 462 702 10
507 678 697 714 generum
749 665 984 711 formaliter,
1043 674 1178 701 tamen
1230 663 1367 700 omnia
1418 672 1509 699 sunt

201 723 433 761 accidencia
465 723 705 770 substancie,
740 723 802 760 cui
825 732 918 759 nata
942 731 999 759 est
1030 723 1161 758 forma
1193 722 1232 757 in
1265 734 1362 767 esse,
1397 720 1507 757 cuius

200 791 257 818 est
289 781 478 830 privacio.
510 781 654 818 Tercio
687 790 797 829 patet
828 781 933 816 idem
968 782 1015 816 de
1048 779 1270 828 aggregatis
1302 791 1373 827 per
1406 778 1508 815 acci-

147 856 184 876 10
201 841 310 886 dens,
344 841 392 876 de
425 838 747 875 multitudinibus
781 847 817 874 et
851 837 986 874 multis
1019 837 1227 883 similibus,
1251 849 1326 885 que
1349 844 1509 884 oportet

200 909 361 934 omnem
394 898 625 945 loquentem
659 909 820 945 ponere,
854 905 897 932 ut
920 904 1029 944 patet
1051 904 1134 932 tam
1159 896 1207 931 de
1230 893 1507 931 artificialibus

200 968 322 1003 quam
354 954 618 991 naturalibus.
653 956 808 999 Quarto
832 962 941 1002 patet
964 953 1070 990 idem
1096 954 1143 989 de
1158 951 1506 1001 pretericionibus,

200 1012 521 1059 futuricionibus,
555 1012 751 1060 potenciis
785 1021 821 1048 et
853 1010 1154 1059 negacionibus,
1201 1023 1290 1059 que,
1325 1009 1507 1058 quamvis

202 1070 431 1107 dicerentur
492 1070 723 1107 accidencia
771 1070 833 1106 vel
884 1068 1110 1118 posteriora
1162 1068 1258 1117 ipsis
1319 1067 1508 1104 subiectis

147 1129 419 1165 15secundum
473 1140 557 1164 esse
604 1127 866 1175 intelligibile,
914 1136 1049 1163 tamen
1093 1139 1174 1163 non
1217 1134 1385 1174 possunt
1430 1125 1508 1162 dici

201 1186 382 1223 accidere
427 1185 545 1223 alicui
578 1185 805 1222 substancie
848 1186 1067 1221 secundum
1107 1197 1190 1221 esse
1230 1183 1408 1220 existere.
1460 1185 1509 1219 Et

199 1243 304 1280 idem
337 1253 447 1292 patet
480 1245 528 1280 de
561 1243 783 1291 aggregatis
817 1255 861 1279 ex
893 1242 1126 1279 veritatibus
1166 1241 1504 1291 yppoteticarum‚

201 1301 427 1338 cuiusmodi
477 1310 568 1338 sunt
623 1301 810 1338 veritates
862 1300 1214 1347 coniunccionum,
1267 1299 1507 1336 disiunccio-

199 1372 295 1395 num
330 1368 402 1396 etc.

143 1432 185 1453 20
257 1419 317 1453 Ad
369 1417 544 1465 primum
590 1417 748 1463 dicitur,
794 1417 902 1465 quod
954 1428 1034 1452 non
1082 1414 1273 1464 sequitur,
1328 1416 1404 1452 hoc
1448 1414 1506 1452 in·
1555 1422 1605 1449 All
1627 1426 1768 1461 percepts

200 1475 452 1523 complexum
514 1474 713 1523 significat
776 1473 1062 1519 substanciam,
1126 1474 1392 1522 quantitatem
1440 1482 1508 1510 aut
1531 1457 1780 1527 ῑῖζζθςζῗὲὲὲᾖεζῗ

200 1532 437 1581 qualitatem
471 1541 557 1579 etc.,
599 1545 693 1580 ergo
727 1545 841 1568 suum
876 1531 1112 1580 primarium
1149 1531 1417 1579 significatum
1452 1539 1509 1567 est
1547 1526 1600 1553 but
1618 1526 1679 1554 this
1699 1526 1774 1554 does

199 1591 362 1639 aliquod
396 1591 557 1627 illorum
590 1603 791 1638 generum.
823 1592 925 1626 Nam
950 1588 1226 1637 restringendo
1255 1588 1509 1637 incomplexa
1541 1561 1787 1631 naqtyngelatiqytlffit

199 1650 249 1685 ad
283 1650 621 1696 cathegoremata,
656 1661 745 1685 cum
780 1647 1168 1695 sincathegoremata
1202 1646 1509 1695 consignificant
1553 1639 1613 1693 ⁶}ssss
1631 1630 1769 1701 ἓξῐξὲξξε

143 1710 182 1743 25
200 1715 237 1742 et
269 1706 392 1742 nichil
422 1719 492 1754 per
515 1719 555 1743 se
588 1706 828 1754 significant,
862 1714 984 1754 patet,
1009 1706 1117 1753 quod
1141 1704 1235 1742 licet
1257 1705 1509 1754 incomplexa

199 1763 427 1811 significant
489 1764 754 1812 privaciones,
818 1762 1108 1809 multitudines,
1162 1772 1378 1811 aggregata
1440 1775 1510 1811 per

199 1821 398 1869 accidens,
415 1830 452 1858 et
470 1821 578 1868 talia,
596 1834 671 1870 que
695 1835 775 1858 non
791 1830 881 1858 sunt
899 1821 1034 1870 aliqua
1050 1821 1218 1857 istorum
1242 1834 1287 1857 10
1303 1833 1508 1869 generum,

199 1888 475 1916 verumtamen
528 1879 757 1928 significant
801 1879 965 1928 aliquod
1009 1879 1179 1916 istorum
1230 1892 1274 1915 10
1319 1891 1508 1927 generum

198 1937 434 1974 secundarie
480 1950 526 1974 eo
570 1938 672 1986 ipso,
718 1939 826 1986 quod
871 1938 1198 1985 cathegoremata
1244 1937 1508 1985 incomplexa,

143 2000 184 2033 30
199 1995 291 2044 quia
323 1995 452 2032 omnis
486 1995 664 2043 privacio
687 1997 748 2032 vel
771 1995 950 2043 negacio,
984 1994 1199 2043 pretericio
1222 1996 1282 2032 vel
1304 1994 1507 2041 futuricio,

198 2053 385 2101 potencia
417 2054 478 2089 vel
509 2053 642 2101 passio
676 2062 733 2090 est
769 2055 816 2090 de
849 2053 984 2101 aliquo
1017 2052 1188 2089 istorum
1229 2066 1274 2089 10
1306 2065 1510 2101 generum.

199 2109 340 2148 Omnis
406 2123 499 2159 ergo
563 2111 758 2147 terminus
820 2110 1103 2147 subordinatus
1165 2110 1272 2147 actui
1335 2110 1508 2159 simplici

198 2169 526 2217 apprehendendi
582 2181 665 2205 rem
712 2177 819 2206 extra
868 2169 1059 2215 animam,
1111 2167 1309 2216 significat
1354 2168 1507 2217 aliquid

51 2230 90 2263 F.
110 2218 343 2274 191‘horum
374 2239 431 2265 10.
464 2228 541 2263 Sed
573 2239 655 2263 non
687 2226 826 2263 exinde
859 2235 915 2263 est
949 2227 1060 2263 color
1094 2226 1374 2273 concludendi,
1399 2227 1507 2275 quod

143 2287 181 2321 35
198 2296 315 2321 omne
352 2297 419 2321 ens
452 2284 501 2320 sit
535 2284 698 2333 aliquod
732 2285 877 2320 horum
918 2297 975 2323 io.
1014 2286 1105 2320 Non
1138 2283 1242 2320 enirn
1275 2284 1425 2321 sufficit
1458 2285 1507 2320 ad

198 2341 407 2379 veritatem
423 2342 513 2378 talis
529 2342 837 2390 proposicionis,
854 2343 963 2390 quod
983 2343 1119 2379 eadem
1138 2354 1199 2378 res
1214 2341 1508 2390 significaretur

196 2407 270 2447 ‘per
294 2400 515 2436 subiectum
542 2409 579 2436 et
602 2400 867 2448 predicatum,
902 2401 970 2437 sed
994 2411 1154 2436 ornnem
1179 2399 1507 2448 proposicionem

199 2458 362 2506 proprie
414 2457 641 2506 significare
692 2457 902 2494 veritatem
954 2466 1045 2494 actu
1100 2466 1244 2496 entem.
1306 2459 1424 2503 Quod
1475 2457 1507 2494 si

198 2515 371 2552 obicitur
418 2516 635 2564 quemlibet
688 2516 904 2552 terminum
950 2515 1175 2564 significare
1220 2515 1506 2561 substanciam,

139 2586 184 2617 40
200 2581 236 2609 et
268 2573 323 2609 sic
355 2586 436 2609 non
473 2582 677 2621 oporteret
716 2573 984 2622 multiplicare
1024 2586 1068 2609 10
1110 2573 1316 2620 terminos,
1368 2585 1507 2610 conce-

200 2629 306 2666 ditur
329 2639 595 2678 assumptum,
630 2644 720 2667 cum
743 2644 861 2668 omne
884 2631 1040 2679 signum
1066 2630 1284 2668 accidentis
1307 2630 1507 2679 significat

203 2688 474 2725 substanciam
521 2688 715 2737 implicite
754 2690 815 2726 vel
860 2688 1061 2737 explicite;
1105 2697 1384 2725 verumtamen
1426 2701 1508 2725 non

527 2818 627 2837 Zaf*

269 2831 306 2860 13.
330 2832 424 2860 Cod..·
446 2833 680 2868 po'kmnecoib).
