2056 3234
781 784 1241 837 CAPITULUM
1278 783 1617 837 SEXTUM.

275 960 323 987 On
345 959 495 995 quantity,
595 951 688 985 Post
721 948 993 985 substanciam
1026 947 1207 996 sequitur
1240 947 1456 998 quantitas,
1501 960 1579 996 que
1619 957 1676 984 est
1707 947 1848 984 imme·
1864 952 1901 983 F.
1922 951 1998 983 200¹

258 996 308 1022 ὼε
326 994 455 1056 fbssstssoeolf
472 995 507 1021 ³¹¹
537 1007 688 1044 diatum
724 1015 761 1043 et
794 1006 1019 1055 proximum
1052 1018 1176 1053 genus
1220 1005 1456 1053 accidenti83
1502 1014 1697 1053 repugnat
1742 1005 1846 1042 enim

303 1065 467 1091 accidents.
536 1078 659 1113 genus
692 1063 919 1101 substancie
964 1075 1046 1100 esse
1090 1063 1305 1111 integrum,
1350 1063 1425 1100 nisi
1468 1063 1586 1099 fuerit
1629 1072 1711 1100 tam
1757 1064 1848 1099 sub-

535 1123 688 1160 stancia
721 1134 914 1170 corporea
947 1134 1068 1170 quam
1102 1121 1351 1169 incorporea,
1398 1130 1435 1157 et
1479 1133 1551 1169 per
1595 1124 1880 1170 consequens5

534 1190 616 1217 tam
662 1180 865 1229 quantitas
907 1178 1097 1215 continua
1141 1192 1262 1227 quam
1308 1179 1489 1215 discreta.
1544 1181 1592 1215 Et
1637 1180 1745 1227 quod
1796 1178 1845 1215 sit

535 1238 645 1286 prior
677 1238 884 1286 qualitate,
917 1246 1027 1285 patet
1061 1249 1104 1273 ex
1137 1238 1225 1283 hoc,
1259 1238 1367 1286 quod
1399 1236 1571 1285 qualitas
1594 1249 1847 1285 quecumque

535 1295 800 1344 presupponit
833 1294 1113 1344 quantitatem,
1160 1307 1253 1342 ymo
1286 1296 1426 1331 eadem
1461 1294 1613 1342 species
1646 1294 1848 1343 quantita-

534 1354 595 1400 tis,
641 1363 684 1390 ut
719 1352 980 1401 corporeitas,
1030 1361 1087 1389 est
1132 1351 1345 1400 disposicio
1393 1354 1443 1389 ad
1476 1352 1671 1401 quotlibet
1703 1364 1848 1400 genera

535 1411 791 1460 qualitatum,
838 1423 1007 1447 causans
1053 1410 1237 1458 figuram,
1284 1410 1463 1447 acuciem
1498 1419 1571 1448 etc.
1626 1411 1717 1446 Ideo
1749 1410 1906 1446 solet1o

535 1469 625 1515 dici,
660 1470 765 1517 quod
797 1468 1006 1517 'quantitas
1039 1468 1088 1504 sit
1120 1467 1225 1504 basis
1270 1467 1431 1504 cuilibet
1478 1467 1592 1504 alteri
1637 1467 1846 1504 accidenti.

249 1538 391 1572 meaning
412 1537 515 1577 ofvthe
592 1528 825 1563 Notandum
848 1535 997 1572 tamen,
1031 1527 1139 1575 quod
1163 1525 1367 1574 quantitas
1391 1525 1537 1562 dicitur
1559 1525 1847 1574 multipliciter.

249 1573 333 1600 “⁰¹⁵³
349 1572 519 1608 ‘quantny'.
536 1585 671 1621 Primo
703 1597 777 1633 pro
801 1584 1026 1632 quantitate
1048 1583 1204 1620 virtutis
1228 1592 1297 1620 aut
1320 1583 1582 1631 perfeccionis
1606 1583 1847 1628 essencialis,

535 1652 578 1679 ut
611 1642 859 1679 immensitas
891 1642 953 1678 vel
985 1641 1162 1678 infinitas
1196 1641 1281 1687 Dei,
1327 1651 1365 1678 et
1399 1641 1482 1677 eius
1515 1641 1731 1690 quantitas,
1772 1653 1849 1690 que

536 1700 696 1737 realiter
729 1709 786 1737 est
820 1700 952 1736 divina
992 1699 1168 1736 essencia
1213 1699 1458 1747 principians
1491 1711 1615 1747 genus
1649 1698 1849 1748 quantita-
1871 1702 1906 1735 15

537 1759 599 1806 tis,
633 1758 735 1795 sicut
768 1767 805 1794 et
838 1770 961 1806 genus
994 1757 1241 1803 substancie3
1288 1766 1325 1793 et
1358 1756 1722 1805 proporcionaliter
1755 1769 1850 1805 que—

536 1816 633 1853 libet
665 1816 893 1852 substancia
926 1816 1046 1852 habet
1079 1814 1358 1864 quantitatem,
1408 1827 1483 1863 que
1529 1823 1586 1851 est
1625 1814 1850 1851 essencialis

537 1874 623 1920 sibi,
669 1887 759 1910 cum
793 1873 842 1910 sit
874 1873 1033 1910 realiter
1066 1886 1136 1910 sua
1169 1873 1357 1920 essencia,
1405 1881 1441 1909 et
1486 1885 1557 1921 per
1604 1885 1850 1921 consequens

536 1945 617 1968 non
649 1932 834 1968 accidens
875 1931 962 1969 sibi.
1009 1932 1194 1967 Secundo
1240 1932 1359 1967 modo
1404 1930 1604 1978 accipitur
1648 1930 1850 1979 quantitas

537 2002 609 2037 pro
642 1990 771 2026 forma
804 1988 1054 2035 accidentali,
1089 2001 1169 2037 qua
1201 1988 1430 2025 substancia
1463 1997 1521 2025 est
1543 1988 1765 2025 formaliter
1788 2000 1850 2024 ac-
1868 2001 1909 2022 20

538 2047 790 2084 cidentaliter
834 2055 984 2095 quanta
1029 2055 1067 2083 et
1110 2055 1153 2083 ut
1197 2046 1252 2082 sic
1293 2055 1350 2082 est
1383 2059 1506 2094 genus
1538 2045 1715 2094 primum
1750 2045 1851 2082 acci-

538 2105 680 2141 dentis.
728 2105 871 2141 Tercio
904 2105 1025 2141 modo
1058 2104 1256 2152 accipitur
1288 2104 1557 2140 essencialiter
1598 2104 1659 2140 vel
1692 2103 1851 2140 materi-

538 2163 652 2199 aliter
683 2175 755 2210 pro
779 2162 957 2198 subiecto
981 2171 1145 2210 quanto,
1180 2171 1217 2198 et
1239 2161 1314 2198 ista
1337 2161 1582 2209 significacio
1606 2170 1663 2198 est
1685 2162 1849 2207 famosa,

538 2220 631 2268 quia
664 2221 795 2257 solum
841 2228 1007 2268 accepta
1051 2221 1100 2256 ab
1145 2219 1235 2270 illis,
1281 2219 1349 2268 qui
1393 2228 1540 2267 negant
1584 2219 1847 2268 quantitatem

538 2278 735 2326 distingwi
769 2291 791 2314 a
824 2277 1004 2314 subiecto
1037 2286 1201 2325 quanto.
1236 2278 1392 2322 Quarto
1416 2278 1535 2313 modo
1559 2276 1755 2325 accipitur
1777 2289 1850 2324 pro
1867 2279 1906 2311 25

537 2348 793 2384 quacumque
826 2335 1158 2372 denominacione
1190 2335 1329 2381 forme,
1364 2336 1585 2371 secundum
1609 2347 1730 2383 quam
1763 2334 1850 2382 ipsa

538 2402 595 2429 est
628 2393 851 2430 formaliter
884 2402 1047 2442 quanta,
1092 2402 1136 2429 ut
1181 2392 1259 2429 alia
1304 2401 1361 2429 est
1394 2392 1598 2441 quantitas
1632 2391 1848 2440 qualitatiS,

538 2451 615 2487 alia
649 2460 794 2495 motus,
841 2459 877 2487 et
910 2451 964 2487 sic
998 2452 1045 2487 de
1079 2450 1166 2487 aliis
1198 2450 1336 2486 formis
1374 2459 1457 2487 tam
1497 2449 1847 2495 substancialibus,

538 2522 659 2557 quam
694 2508 1021 2545 accidentalibus.
1059 2508 1211 2554 Quinto
1234 2509 1355 2544 modo
1378 2508 1574 2555 accipitur
1596 2507 1849 2556 aggregative

536 2567 597 2603 vel
629 2566 832 2602 collective
865 2579 938 2614 pro
972 2574 1187 2614 aggregato
1221 2578 1264 2602 ex
1296 2565 1433 2602 multis
1478 2565 1631 2611 formis,
1677 2578 1847 2614 quarum
1866 2569 1907 2601 30

537 2623 672 2672 aliqua
706 2633 762 2660 est
796 2623 1017 2672 quantitas3
1052 2632 1088 2659 et
1120 2623 1196 2659 isto
1230 2624 1350 2659 modo
1383 2623 1559 2660 creditur
1591 2632 1749 2671 tempus
1772 2622 1849 2658 dici

537 2681 760 2729 quantitas3
794 2681 889 2717 dicit
913 2681 1017 2717 enim
1041 2690 1200 2728 tempus
1223 2690 1357 2729 preter
1380 2681 1659 2729 quantitatem,
1694 2689 1848 2716 motum

539 2748 575 2775 et
607 2751 677 2786 per
710 2751 954 2787 consequens
988 2739 1190 2775 accionem
1228 2748 1264 2775 et
1297 2739 1559 2783 relacionem3
1600 2738 1690 2774 ideo
1724 2737 1850 2774 credi-

537 2805 601 2832 tur
633 2810 711 2832 non
745 2809 828 2832 esse
862 2796 1137 2844 principaliter
1169 2796 1383 2844 quantitas,
1418 2805 1460 2832 ut
1492 2796 1596 2832 linea
1619 2796 1679 2831 vel
1711 2808 1849 2832 nume-
