2056 3234
288 821 429 850 Solution
451 821 485 848 of

326 856 439 883 second

246 890 510 926 obiection(p.1o3)

277 926 405 954 Passion
427 926 486 953 and

289 961 407 988 motion
429 970 479 988 are

248 1004 393 1023 common
415 1001 445 1022 to
466 997 516 1023 tlic

265 1036 355 1065 agent
376 1031 434 1058 and
457 1031 506 1058 the

291 1067 407 1101 patient
428 1066 480 1093 but

273 1101 416 1136 formally
438 1101 496 1127 and

250 1135 447 1171 subjectively
468 1144 518 1162 are

291 1172 363 1207 only
384 1171 413 1197 iu
435 1171 484 1197 the

274 1207 390 1240 patient
408 1206 499 1232 while

315 1246 415 1268 actlon
434 1249 460 1267 is

286 1284 432 1302 common
454 1280 485 1302 to

295 1311 365 1337 both
388 1311 441 1337 but
460 1311 486 1337 is

278 1345 421 1381 formally
440 1345 499 1372 and

288 1381 486 1415 subjectively

259 1416 330 1451 only
351 1416 400 1442 the
421 1420 519 1450 agent.

356 1461 423 1488 The

282 1497 499 1523 denominator

314 1531 465 1559 formalis.

968 187 1191 219 JOHANNIS
1218 186 1386 218 WICLIF
1670 184 1760 211 CAP.
1781 184 1846 211 XII.

536 294 643 340 dicit,
662 294 770 342 quod
792 302 937 329 natura
961 292 1094 328 divina
1118 304 1301 339 expressa
1324 291 1373 327 sit
1397 304 1418 327 a
1442 291 1714 339 grammaticis
1738 291 1847 339 igno-

535 361 670 387 ranter
701 361 782 387 tam
807 350 1038 386 nominibus
1062 349 1291 386 masculinis
1315 362 1436 397 quam
1460 349 1661 386 femininis
1685 359 1849 397 propter

537 409 837 454 fecunditatem,
887 421 1007 456 quam
1048 407 1235 455 producit
1275 416 1312 443 et
1351 407 1492 455 recipit
1532 407 1692 444 adintra
1732 416 1848 455 quot-

534 468 629 504 libet
662 466 951 515 intelligencias
975 476 1012 502 et
1036 466 1255 502 volucionis
1274 474 1443 511 eternas,
1477 478 1648 513 quarum
1673 465 1848 513 quelibet

536 535 594 561 est
628 525 774 561 relacio
808 524 993 570 racionis,
1028 525 1095 559 sed
1129 537 1209 560 non
1234 523 1411 559 essencia
1444 524 1628 559 absoluta
1662 523 1881 559 distincta5

536 596 557 619 a
581 586 678 629 Deo,
702 592 745 619 ut
769 585 939 626 Doctor;
974 582 1080 630 quia,
1114 591 1157 617 ut
1191 581 1347 626 estimo,
1381 594 1453 617 nec
1486 590 1617 628 potest
1650 583 1726 617 hoc
1759 593 1849 628 pro-

536 641 621 677 bari
654 654 728 677 nec
762 640 961 677 catholice
995 639 1200 684 sustineri,
1241 639 1331 675 ideo
1367 641 1516 675 Doctor
1549 652 1639 675 cum
1673 640 1847 687 quadam

536 699 749 735 formidine
783 698 895 746 ponit
927 698 1013 734 ista.

596 816 656 851 Ad
700 816 921 851 secundum
963 813 1197 850 conceditur
1236 813 1451 849 conclusio.
1498 815 1599 849 Nam
1640 812 1774 860 passio
1814 821 1909 848 et10

540 882 670 909 motus
710 881 801 908 sunt
842 884 1077 908 communes
1118 880 1199 907 tam
1246 871 1378 919 agenti
1417 884 1538 919 quam
1580 883 1712 919 passo,
1759 883 1848 907 cum

539 940 727 967 causatur
767 932 815 966 ab
862 939 1034 977 utroque
1079 938 1289 977 tamquam
1335 929 1417 965 eius
1464 941 1582 965 causa
1622 928 1850 974 essenciali;

538 998 814 1025 verumtamen
847 989 975 1024 solum
1010 987 1225 1024 subiective
1258 996 1295 1023 et
1329 987 1553 1023 formaliter
1584 987 1686 1023 inest
1719 999 1850 1034 passo,

539 1047 629 1082 licet
663 1046 713 1082 sit
746 1046 937 1094 equivoce
971 1045 1010 1081 in
1043 1054 1235 1093 utroque3
1271 1053 1307 1081 et
1341 1045 1417 1081 ista
1451 1045 1617 1093 agencia
1652 1053 1709 1081 est
1743 1057 1852 1081 com-

542 1104 673 1140 munis
713 1104 951 1140 causacione
990 1113 1071 1139 tam
1112 1104 1245 1151 agenti
1285 1116 1406 1151 quam
1444 1116 1577 1151 passo,
1624 1112 1660 1139 et
1702 1102 1757 1139 sic
1797 1102 1909 1139 est15

541 1163 754 1199 causaliter
786 1162 825 1198 in
858 1170 1049 1210 utroque,
1084 1162 1305 1198 formaliter
1336 1170 1472 1197 tamen
1506 1171 1543 1197 et
1565 1160 1782 1197 subiective
1814 1160 1854 1196 in

541 1230 696 1268 agente,
737 1222 805 1256 sed
845 1220 1059 1256 causaliter
1098 1232 1143 1255 ac
1182 1219 1437 1256 terminative
1476 1219 1515 1255 in
1555 1232 1692 1267 passo3
1733 1220 1854 1255 modo

542 1280 650 1314 nulla
684 1279 811 1315 forma
845 1278 1081 1323 formaliter,
1121 1277 1213 1314 licet
1247 1278 1477 1323 efficienter,
1519 1277 1752 1314 denominat
1784 1276 1855 1313 ali-

542 1337 649 1384 quid,
684 1336 758 1372 nisi
790 1336 899 1379 illud,
934 1335 973 1371 in
1007 1348 1086 1383 quo
1120 1345 1177 1372 cst
1209 1335 1438 1372 subiective.

603 1396 694 1430 Ideo
729 1393 1007 1442 illa'quinquc
1041 1394 1234 1442 exempla,
1270 1406 1346 1442 que
1380 1393 1544 1430 adducit
1577 1396 1728 1429 Doctor
1761 1394 1855 1428 Pro-
1872 1403 1913 1424 20

542 1453 689 1488 fundus
729 1452 830 1487 libro
864 1452 988 1488 tercio
1029 1452 1206 1499 capitulo
1241 1454 1300 1498 60,
1341 1453 1449 1500 quod
1482 1451 1635 1500 aliquid
1675 1450 1855 1486 denomi—

542 1519 661 1546 natur
700 1512 748 1546 ab
794 1510 1027 1556 extrinseco,
1074 1523 1197 1545 unum
1239 1513 1397 1556 docent,
1437 1511 1546 1558 quod
1590 1508 1853 1545 extrinsecum

543 1568 733 1613 effective,
779 1569 846 1604 sed
892 1581 973 1603 non
1018 1568 1243 1604 formaliter
1287 1568 1521 1604 denominat
1565 1567 1672 1603 talia.
1727 1568 1854 1611 Unde,

543 1628 650 1674 quod
692 1626 917 1662 subiectum
959 1638 1041 1662 esse
1079 1626 1335 1662 formandum
1378 1635 1508 1674 potest
1547 1624 1759 1673 dupliciter
1799 1624 1856 1660 in-

542 1684 685 1732 telligi:
732 1685 792 1721 vel
832 1686 939 1732 quod
981 1684 1111 1732 ipsum
1159 1694 1215 1720 est
1256 1684 1419 1732 dignum
1462 1685 1604 1729 forma,
1649 1683 1710 1719 vel
1748 1683 1855 1731 quod
1873 1682 1912 1714 25

542 1742 794 1787 formabitur,
847 1751 883 1778 et
928 1742 982 1778 sic
1029 1751 1086 1778 est
1132 1751 1328 1788 eternum,
1374 1751 1411 1778 et
1449 1755 1531 1778 non
1576 1740 1856 1777 denominacio

613 1910 637 1938 3.
664 1911 759 1939 (ἶσα..-
779 1911 867 1946 r'cipt
887 1910 923 1938 ad
945 1901 1050 1952 intlliffffl
1072 1901 1141 1938 int?

616 2017 669 2037 20.
699 2008 753 2049 Cf.
780 2006 940 2038 Thomae
980 2006 1219 2038 Bradwardini
1259 2006 1310 2037 De
1344 2016 1447 2037 causa
1479 2006 1542 2037 Dei
1580 2006 1639 2037 lib.
1667 2007 1696 2046 3,
1730 2004 1750 2036 O
1777 2005 1857 2047 (Ed.

544 2053 696 2084 Londin.
727 2055 804 2085 663
829 2052 863 2083 E
885 2058 920 2085 et
949 2054 1024 2084 664
1049 2054 1093 2094 A)
1122 2076 1155 2086 ..
1176 2079 1182 2085 .
1205 2068 1215 2085 .<
1237 2054 1479 2085 verisimiliter
1504 2053 1572 2084 dici
1596 2057 1727 2094 potest,
1766 2051 1859 2095 quod

545 2109 657 2142 agens
690 2103 718 2130 A
746 2100 907 2142 primam
948 2101 1125 2131 actionem
1166 2100 1397 2131 constituitur
1434 2099 1468 2130 in
1509 2109 1583 2130 esse
1620 2099 1760 2141 agentis
1791 2108 1860 2140 per

544 2156 645 2178 suum
666 2146 827 2188 primum
855 2155 985 2188 agere,·
1023 2146 1124 2188 prius
1156 2146 1247 2178 enim
1281 2145 1546 2188 quodammodo
1573 2145 1715 2177 videtur·
1740 2154 1860 2187 agere,

545 2202 649 2234 quam
670 2202 744 2225 esse
762 2202 882 2235 agens
910 2193 1070 2224 Primum
1090 2193 1181 2224 enim
1209 2193 1349 2224 videtur
1374 2201 1449 2224 esse
1474 2192 1641 2230 activum,
1668 2191 1857 2223 secundum

545 2248 664 2280 agere,
692 2240 837 2271 tertium
866 2248 937 2270 esse
963 2249 1073 2281 agens
1100 2249 1168 2270 non
1197 2244 1368 2280 tempore,
1402 2238 1462 2269 sed
1489 2243 1622 2269 natura
1649 2247 1707 2269 seu
1735 2246 1857 2270 causa.

553 2285 611 2316 Vel
641 2285 747 2317 aliter
779 2286 849 2317 dici
875 2290 1006 2326 potest,
1046 2285 1138 2327 quod
1171 2295 1286 2328 agens
1318 2284 1533 2317 consituitur
1558 2285 1593 2316 in
1621 2294 1694 2317 esse
1720 2284 1860 2328 agentis

541 2340 608 2373 per
639 2331 736 2362 illam
779 2332 987 2364 relationem
1028 2332 1182 2364 actionis
1213 2332 1286 2364 sive
1324 2332 1481 2363 activam
1514 2330 1758 2372 praedictam,
1797 2330 1861 2368 ita,

546 2377 640 2419 quod
652 2378 814 2419 primum
834 2379 881 2410 sit
899 2378 1068 2417 activum,
1095 2378 1287 2409 secundum
1316 2386 1435 2420 agere,
1462 2378 1606 2409 tertium
1633 2378 1693 2409 illa
1721 2377 1861 2415 relatio,

547 2428 713 2465 quartum
740 2424 931 2456 secundum
960 2425 1052 2455 hunc
1077 2424 1239 2455 ordinem
1267 2433 1341 2456 esse
1359 2433 1480 2466 agens.
1512 2423 1629 2455 Tertio
1648 2423 1719 2455 dici
1732 2426 1861 2465 potest,

547 2470 639 2511 quod
679 2480 746 2502 non
781 2475 833 2502 est
871 2471 1014 2502 omnino
1053 2471 1293 2502 clarissimum
1332 2471 1425 2512 quod
1464 2470 1571 2502 nichil
1608 2470 1863 2502 denominatur

540 2517 754 2559 formaliter
791 2517 1032 2558 quoquomodo
1059 2517 1102 2547 ab
1130 2517 1258 2557 aliquo,
1296 2517 1365 2548 nisi
1380 2517 1498 2559 fuerit
1530 2517 1633 2558 prius
1665 2515 1859 2548 secundum

548 2567 732 2593 naturam.
772 2563 915 2603 Aliquid
952 2565 1044 2595 enim
1086 2563 1217 2594 dicitur
1249 2563 1488 2605 formandum
1517 2564 1685 2605 aforma
1712 2562 1861 2603 futura,

548 2618 654 2649 quam
683 2609 836 2651 recipiet,
871 2613 903 2641 et
916 2609 1108 2650 facturum
1138 2609 1298 2651 refertur
1323 2609 1372 2640 ad
1388 2609 1611 2651 faciendum,
1645 2613 1678 2640 et
1703 2607 1861 2640 denomi-

549 2659 661 2686 natur
688 2657 879 2698 facturum
909 2666 930 2687 a
949 2655 1118 2698 factione
1138 2656 1287 2697 futura,
1326 2655 1417 2687 sicut
1443 2659 1476 2686 et
1502 2655 1708 2697 aedificans,
1729 2654 1861 2696 pullifi-

549 2710 635 2733 cans
660 2707 694 2732 et
706 2702 918 2743 foetificans
941 2702 984 2733 ab
1003 2702 1123 2734 eodem
1139 2702 1239 2744 pullo
1265 2706 1296 2734 et
1308 2702 1416 2743 foetu
1432 2702 1576 2742 futuris
1601 2711 1667 2742 per
1692 2701 1862 2740 actiones,

549 2757 636 2787 quas
663 2752 778 2790 agunt
804 2748 852 2779 ad
878 2749 963 2779 istas
991 2748 1259 2788 terminandas;
1297 2749 1410 2779 multa
1450 2757 1580 2788 quoque
1614 2747 1799 2778 naturalia
1829 2750 1863 2778 et

550 2795 623 2825 alia
651 2803 671 2824 a
698 2794 770 2826 suis
796 2794 974 2837 effectibus
992 2799 1063 2826 eta
1083 2795 1154 2826 suis
1182 2794 1419 2826 accidentibus
1445 2795 1587 2835 saepius
1614 2794 1859 2825 nominantur.
