2056 3234
72 896 110 930 F„
134 899 207 942 1901
558 877 817 932 CAPUT
855 876 1195 930 PRIMUM.

280 1044 497 1094 Supposito
516 1057 559 1081 ex
577 1044 759 1093 superius
778 1042 990 1080 declaratis
1008 1051 1045 1079 et
1061 1040 1239 1079 dicendis
1257 1040 1297 1077 in
1312 1048 1532 1088 posterum,
1644 1045 1710 1085 *On

222 1105 329 1152 quod
353 1115 420 1139 ens
443 1102 818 1139 communissimum
845 1100 1034 1150 possibile
1064 1112 1210 1149 equum
1234 1111 1325 1135 cum
1348 1097 1533 1145 intelligi·
1565 1080 1804 1151 ξᾏῖῗὲῗῗῗζεὲᾗῗ

221 1161 308 1197 bili:
343 1163 479 1197 Restat
510 1160 656 1206 videre,
691 1160 722 1196 si
756 1172 875 1196 omne
908 1171 976 1196 ens
1008 1158 1057 1195 sit
1087 1170 1155 1194 ens
1177 1156 1531 1205 predicamentale‚
1579 1150 1818 1212 rediirgtinigntal?

188 1221 203 1254 5
228 1228 264 1256 et
286 1218 456 1265 videtur,
484 1220 592 1267 quod
614 1231 707 1263 non,
740 1217 833 1266 quia
863 1229 981 1255 omne
1011 1229 1078 1253 ens
1107 1214 1448 1264 predicamentale
1476 1221 1533 1250 est
1549 1193 1764 1259 lixa-mination
1785 1219 1821 1246 of

222 1276 450 1313 substancia
487 1277 548 1313 vel
587 1276 791 1321 accidens;
830 1288 912 1312 non
950 1286 1070 1311 omne
1108 1286 1176 1310 ens
1210 1281 1267 1309 est
1301 1271 1530 1309 substancia
1550 1254 1825 1324 aglcigsrdffggsttgoffle

221 1335 282 1371 vel
316 1334 514 1381 accidens,
549 1347 642 1382 ergo
676 1342 748 1370 etc.
1550 1323 1825 1385 dessgffggsstiffifnthe

280 1392 413 1429 Minor
465 1400 576 1440 patet
629 1393 676 1428 de
728 1389 1030 1439 negacionibus,
1085 1390 1132 1425 de
1179 1386 1530 1437 pretericionibus‚
1611 1393 1673 1420 acci
1700 1396 1761 1420 ent.

223 1450 532 1486 futuricionibus
557 1458 593 1486 et
616 1448 813 1498 potenciis
847 1461 937 1485 cum
961 1447 1048 1484 aliis
1071 1446 1306 1483 veritatibus
1328 1444 1531 1494 yppoteti-

172 1522 210 1543 10
226 1520 377 1554 carum,
395 1520 470 1556 que
492 1520 574 1544 non
597 1516 764 1556 possunt
788 1505 1054 1554 appropriare
1073 1504 1192 1541 alicui
1210 1503 1531 1552 predicamento.

284 1566 344 1602 Fit
377 1565 609 1614 oppositum
644 1564 876 1613 tripliciter:
919 1563 1054 1600 Primo
1087 1575 1158 1611 per
1190 1564 1279 1608 hoc,
1314 1563 1423 1610 quod
1455 1560 1535 1597 sin-

225 1625 360 1672 gulum
410 1624 755 1672 incomplexorum
811 1621 1010 1670 significat
1064 1619 1350 1665 substanciam,
1407 1618 1535 1668 quali-

226 1691 349 1719 tatem
384 1690 472 1728 etc.,
506 1690 549 1718 ut
581 1681 695 1729 ponit
729 1680 997 1728 Philosophus
1039 1678 1079 1715 in
1112 1676 1426 1726 predicamentis
1460 1685 1534 1713 etc.

228 1742 326 1777 Item
359 1752 478 1776 omne
516 1738 766 1787 intelligibile
800 1747 869 1783 est,
922 1746 965 1773 ut
1002 1738 1221 1785 probatum
1251 1744 1319 1772 'est
1358 1736 1536 1771 secundo

175 1798 345 1844 151ibr0‚
380 1806 555 1834 tractatu
588 1799 635 1833 de
667 1796 799 1841 Ydeis‚
847 1808 941 1843 ergo
974 1807 1093 1831 omne
1134 1793 1385 1841 intelligibile
1418 1793 1538 1828 habet

229 1868 313 1893 esse
345 1855 617 1892 necessarium
658 1863 695 1891 et
728 1862 923 1899 eternum,
960 1861 996 1889 et
1020 1865 1089 1901 per
1123 1864 1374 1900 consequens
1407 1850 1539 1887 omnis

228 1913 416 1950 futuricio
468 1913 527 1950 vel
580 1912 795 1961 pretericio
850 1919 907 1948 est
952 1910 1138 1947 accidens
1191 1909 1261 1956 rei,
1315 1908 1427 1945 cuius
1481 1916 1540 1944 est

228 1971 416 2008 futuricio
460 1972 522 2008 vel
570 1969 798 2019 pretericio‚
853 1982 943 2005 cum
989 1967 1255 2017 presupponit
1299 1967 1537 2012 subiectum,

229 2029 341 2066 cuius
375 2038 432 2066 est
464 2028 678 2077 pretericio
711 2028 771 2064 vel
804 2026 1007 2072 futuricio‚
1042 2035 1079 2062 et
1111 2033 1247 2074 posset
1280 2024 1355 2061 sibi
1389 2026 1538 2061 deesse.

172 2100 214 2121 20
231 2087 295 2124 Sic
335 2080 449 2124 'enim
496 2086 636 2123 dividit
680 2094 799 2122 autor
839 2087 913 2121 Sex
953 2083 1248 2131 Principiorum
1296 2084 1458 2131 quando
1499 2081 1540 2118 in

229 2157 405 2194 presens,
450 2144 691 2193 preteritum
738 2152 775 2179 et
819 2143 1012 2179 futurum.
1077 2144 1125 2177 Et
1164 2142 1211 2177 de
1256 2139 1538 2188 negationibus

229 2211 353 2252 patet,
407 2204 516 2251 quod
556 2201 687 2238 omnis
726 2200 893 2249 negacio
934 2209 991 2237 est
1025 2199 1223 2248 quidlibet
1256 2207 1390 2247 preter
1422 2211 1539 2235 suum

304 2361 354 2392 14.
381 2351 601 2395 Relegamur
628 2350 677 2382 ad
703 2350 811 2392 ipsius
826 2348 968 2391 Wiclz‘fii
986 2358 1071 2391 opus
1090 2347 1345 2389 amplissimum
1372 2346 1437 2386 „de
1454 2345 1543 2377 Ente

196 2411 200 2413 ·
231 2398 303 2430 sive
321 2399 465 2429 Summa
482 2395 790 2429 intellectualium”
816 2395 912 2427 cuius
936 2395 1017 2426 libri
1043 2394 1190 2426 alterius
1213 2396 1355 2435 partem
1384 2392 1542 2435 quintam

231 2454 304 2477 esse
323 2448 516 2476 tractatum
537 2444 579 2474 de
598 2443 687 2474 Ideis
706 2442 815 2474 voluit
831 2441 985 2483 Shirley,
1003 2442 1028 2472 A
1048 2441 1247 2482 Catalogue
1264 2439 1304 2480 of
1317 2439 1372 2471 the
1386 2438 1545 2480 original

231 2491 347 2523 works
373 2490 413 2531 of
434 2491 526 2522 John
551 2489 692 2532 Wyclif,
723 2487 880 2531 Oxford,
906 2489 1014 2525 1865,
1041 2498 1078 2528 p.
1104 2489 1137 2518 3.
1263 2495 1315 2516 20.
1342 2486 1453 2516 Autor
1478 2485 1543 2515 Sex

232 2537 499 2578 Principiorum:
519 2540 569 2568 est
586 2535 762 2568 Gilbertus
777 2536 1007 2572 Pom-manus,
1026 2533 1124 2565 cuius
1142 2532 1346 2573 opusculum
1366 2530 1543 2562 introduc-

231 2583 361 2615 torium
380 2583 510 2625 legitur
528 2582 561 2613 in
580 2582 750 2614 editione:
768 2580 961 2611 Aristotelis
976 2579 1155 2620 stagiritae
1169 2577 1296 2617 omnia,
1312 2587 1401 2618 quae
1420 2582 1544 2616 extant,

232 2639 338 2670 opera
363 2652 370 2660 .
390 2652 398 2660 .
417 2652 425 2660 .
449 2628 614 2659 Averrois
640 2626 875 2658 Cordubensis
901 2626 935 2656 in
959 2636 998 2657 ea
1022 2635 1128 2666 opera
1152 2647 1159 2655 .
1178 2648 1186 2655 .
1206 2623 1465 2655 Commentaria
1482 2646 1490 2654 .
1509 2645 1517 2653 .
1536 2645 1544 2653 .

231 2676 396 2715 Veneriis,
421 2674 515 2714 1552,
534 2675 599 2706 vol.
620 2674 645 2712 I,
665 2674 721 2704 ubi
737 2674 803 2715 fol.
826 2674 875 2703 32
892 2674 984 2713 (cap.
1005 2671 1085 2711 III),
1110 2672 1154 2713 cf.
1175 2672 1281 2702 haec:
1309 2668 1436 2712 Differt
1453 2669 1543 2701 enim

233 2721 375 2764 quando
401 2722 444 2753 ab
471 2730 521 2759 eo,
548 2720 640 2762 quod
667 2725 717 2752 est
743 2719 819 2750 ubi:
845 2718 1011 2761 quoniam
1039 2718 1072 2749 in
1092 2725 1310 2759 quocumque
1335 2721 1469 2756 tempus
1495 2719 1546 2746 est

233 2768 286 2800 vel
305 2767 379 2810 fuit
404 2768 456 2799 vel
482 2767 559 2805 erit,
585 2767 619 2798 in
646 2776 686 2798 eo
705 2765 854 2807 quidem,
881 2764 1023 2807 quando
1048 2768 1098 2796 est
1119 2764 1170 2796 vel
1185 2763 1261 2804 fuit
1280 2762 1332 2794 vel
1348 2762 1427 2801 erit,
1454 2761 1546 2804 quod

234 2813 424 2847 secundum
453 2813 545 2846 idem
573 2818 706 2854 tempus
733 2811 876 2845 dicitur.

1394 2875 1403 2898 1
