2056 3234
1119 647 1205 694 XI.

241 772 391 801 whether
411 774 461 801 1¹¹2
503 770 685 816 Utrum
718 767 884 814 omnis
916 767 1085 814 forma
1124 767 1339 814 animati
1372 766 1725 813 substantialis
1759 767 1823 814 sit

262 809 442 836 substantia!

214 843 294 870 foim
316 844 350 870 of
367 852 383 870 a
397 843 492 878 living

262 886 399 908 creature
420 881 445 907 is

216 911 394 944 indivisible
415 924 447 942 as
462 919 493 941 to

303 959 397 978 mass.

219 1913 318 1949 Every
339 1913 421 1948 body
441 1914 496 1940 has

242 1957 257 1974 a
280 1949 468 1975 substancia!

310 1982 402 2010 form.

229 2260 366 2287 Various
388 2261 479 2287 kinds

240 2296 273 2321 of
291 2295 479 2331 divisibility.

762 838 1084 885 indivisibilis
1118 851 1220 899 quo
1254 838 1319 884 ad
1350 837 1559 884 molem

568 973 671 1007 Noto
694 969 839 1018 primo,
867 971 975 1018 quod
997 970 1127 1006 forma
1159 971 1378 1006 seeundum
1413 983 1452 1006 se
1486 979 1542 1006 est
1575 983 1650 1017 res,
1683 983 1823 1007 secun-

510 1030 604 1064 dum
639 1041 759 1076 quam
794 1027 946 1076 aliquid
979 1037 1036 1064 est
1069 1028 1293 1065 formaliter
1325 1028 1421 1077 quid
1454 1029 1513 1064 vel
1546 1029 1733 1076 aliquale.
1767 1031 1822 1065 Ex

508 1087 576 1123 illa
591 1086 836 1122 diffinicione
856 1086 1074 1122 corrolarie
1097 1086 1290 1134 sequitur,
1308 1088 1416 1134 quod
1432 1087 1575 1134 duplex
1599 1095 1656 1122 est
1678 1087 1821 1133 forma,

508 1144 658 1181 scilicet
691 1145 821 1180 forma
855 1143 1133 1180 substancialis
1167 1153 1204 1180 et
1238 1143 1511 1180 accidentalis.

566 1204 642 1238 Pro
666 1202 870 1238 intellectu
893 1201 1015 1249 igitur
1038 1201 1257 1250 questionis
1291 1210 1400 1247 noto⁷
1435 1203 1542 1250 quod
1570 1202 1699 1238 forma
1732 1203 1822 1238 sub-
1840 1204 1875 1241 5.

507 1260 710 1296 stancialis
742 1262 940 1307 producta
973 1268 1029 1296 est
1063 1260 1192 1296 forma
1225 1260 1442 1296 intrinseca
1474 1260 1701 1296 substancie
1733 1272 1825 1307 pro-

507 1320 638 1365 ducte,
663 1331 742 1366 qua
765 1326 822 1353 est
846 1318 1068 1354 formaliter
1091 1317 1144 1364 id,
1169 1319 1277 1366 quod
1302 1327 1370 1354 est.
1404 1317 1514 1354 Talis
1538 1327 1671 1354 autem
1696 1318 1825 1354 forma

507 1375 785 1412 substancialis
819 1377 1016 1423 producta
1049 1384 1107 1412 est
1141 1377 1284 1424 duplex
1316 1376 1377 1413 vel
1409 1388 1507 1424 pure
1540 1388 1611 1424 per
1643 1388 1683 1412 se
1716 1384 1824 1412 stans

508 1434 591 1470 sine
624 1434 702 1470 alio
734 1435 933 1482 producto
967 1433 1228 1479 subiectante‚
1272 1443 1308 1470 et
1341 1434 1440 1471 tales
1473 1434 1600 1470 forme
1633 1446 1655 1470 3
1694 1433 1825 1482 philo-

508 1492 644 1540 sophis
677 1491 865 1528 dicuntur
897 1491 1176 1539 intelligencie.
1845 1506 1883 1527 10

564 1549 653 1586 Alia
691 1558 825 1586 autem
865 1550 994 1586 forma
1035 1549 1316 1586 substancialis
1354 1551 1553 1598 producta
1599 1558 1656 1586 est
1695 1549 1825 1585 forma

509 1607 735 1644 essencialis
767 1616 909 1644 nature
941 1620 1144 1655 corporee,
1180 1620 1259 1655 qua
1280 1607 1504 1644 formaliter
1538 1616 1595 1643 est
1627 1607 1680 1653 id,
1715 1608 1821 1655 quod

509 1675 585 1710 θεῖς
619 1668 727 1714 quod
751 1665 923 1701 trahitur
953 1678 996 1701 ex
1021 1670 1065 1713 7Ο
1090 1665 1392 1713 Methaphisice,
1418 1665 1574 1702 dicente
1597 1665 1824 1711 Aristotele,

509 1725 640 1760 forma
672 1732 729 1759 est
762 1736 881 1759 causa
915 1724 1068 1759 essendi
1101 1723 1140 1759 in
1174 1725 1303 1769 rebus,
1338 1723 1377 1759 id
1411 1732 1467 1759 est
1490 1724 1619 1759 forma
1652 1724 1719 1759 dat
1742 1735 1825 1758 esse

511 1782 579 1818 rei.
614 1781 654 1817 Si
689 1790 745 1817 est
779 1781 1051 1827 accidentalis,
1086 1783 1153 1818 dat
1187 1794 1269 1818 esse
1302 1782 1432 1829 quale,
1466 1781 1497 1817 si
1531 1780 1882 1828 substanciali3715

512 1841 579 1876 dat
612 1852 696 1875 esse
729 1839 959 1875 essenciale.

571 1899 625 1932 Ex
665 1910 745 1945 quo
785 1896 1003 1933 corrolarie
1042 1896 1235 1945 sequitur,
1276 1898 1385 1945 quod
1425 1909 1544 1933 omne
1584 1909 1824 1944 corporeum

513 1956 633 1991 hahet
671 1956 841 1991 formam
883 1955 1194 1991 substancialem
1241 1967 1300 2000 eo,
1347 1956 1455 2003 quod
1501 1955 1709 2003 quodlibet
1747 1956 1826 1991 tale

514 2022 571 2049 est
605 2014 679 2049 1100
709 2012 874 2061 aliquid,
908 2022 952 2049 ut
984 2014 1106 2049 homo
1140 2014 1259 2049 habet
1281 2012 1504 2049 formaliter
1530 2013 1701 2049 formam
1736 2015 1826 2049 sub-

513 2071 764 2118 stancialem‚
799 2084 877 2119 qua
901 2080 958 2107 est
981 2072 1069 2117 1100,
1104 2072 1212 2119 quod
1236 2080 1306 2116 est,
1341 2080 1377 2107 et
1402 2072 1476 2107 1100
1501 2079 1557 2107 θεῖ
1582 2071 1824 2108 humanitas.
1842 2083 1884 2105 20

514 2128 706 2165 Similiter
738 2142 844 2177 aqua
878 2130 996 2165 habet
1029 2129 1215 2175 formam,
1256 2142 1335 2177 qua
1374 2138 1431 2165 est
1470 2129 1544 2165 hoc
1584 2128 1749 2177 aliquid,
1790 2138 1826 2165 et

513 2186 602 2223 talis
636 2196 693 2222 est
726 2186 920 2235 aqueitas.

571 2246 689 2290 Noto,
715 2257 757 2280 ex
776 2258 856 2293 quo
880 2244 1130 2281 divisibilitas
1154 2253 1191 2281 et
1214 2243 1509 2280 indivisibilitas
1529 2253 1620 2280 sunt
1641 2243 1826 2292 opposita

512 2304 562 2338 ad
585 2302 769 2348 invicem,
803 2311 901 2351 quot
926 2302 1054 2339 modis
1078 2302 1266 2338 dicuntur
1289 2302 1509 2348 divisibilis,
1543 2311 1602 2338 tot
1624 2311 1663 2338 et
1684 2302 1826 2338 indivi-

511 2360 649 2406 sibilis,
678 2363 897 2397 secundum
924 2361 1101 2408 regulam
1127 2360 1374 2408 Philosophi,
1405 2369 1502 2408 quot
1527 2360 1657 2396 modis
1679 2359 1881 2396 dicitur25

586 2498 636 2530 13.
673 2498 725 2540 Cf.
758 2498 862 2528 Arist.
894 2496 1048 2537 Metaph.
1074 2498 1118 2529 VI
1152 2498 1204 2538 (In
1237 2498 1389 2538 antiquis
1423 2498 1501 2528 edd.
1520 2497 1595 2536 VII)
1630 2507 1660 2538 7,
1690 2496 1706 2528 5
1739 2496 1824 2537 (Ed.

514 2544 594 2575 Par.
622 2545 662 2575 II
682 2544 768 2583 544,
786 2545 834 2574 27
850 2545 933 2584 ss.).·
958 2538 1070 2581 Εἶδος
1095 2541 1135 2575 δὲ
1159 2542 1248 2585 λέγω
1275 2539 1316 2575 τὸ
1342 2542 1378 2575 τί
1400 2538 1445 2585 ἧν
1472 2537 1564 2575 εἶναι
1589 2538 1741 2574 ἑκάστου
1766 2540 1825 2574 καὶ

511 2588 577 2630 τὴν
607 2588 757 2632 πρώτην
787 2587 926 2621 οὐσίαν
1071 2590 1124 2623 25.
1146 2592 1213 2643 Cf.
1241 2591 1343 2621 Arist.
1365 2589 1521 2641 Metaph.
1548 2590 1593 2621 IV
1617 2588 1666 2628 16,
1691 2600 1714 2630 4
1740 2590 1823 2629 (Ed.

514 2637 594 2669 Par.
623 2637 659 2667 II
684 2638 766 2675 522,
793 2637 880 2676 48):
914 2634 1022 2668 ''Enal
1054 2635 1093 2667 δὲ
1118 2633 1159 2667 τὸ
1185 2633 1224 2668 ἓν
1248 2633 1308 2668 καὶ
1334 2631 1373 2667 τὸ
1401 2632 1443 2667 ὃν
1467 2636 1652 2678 πολλαχῶς
1676 2634 1824 2676 λέγεται,

512 2680 729 2713 ἀκολουθεῖν
760 2680 896 2734 ἀνάγκη
928 2693 988 2713 και
1019 2678 1138 2724 τᾶλλα,
1178 2678 1245 2714 ὅσα
1277 2680 1367 2713 κατὰ
1399 2684 1514 2713 ταῦτα
1545 2680 1694 2728 λέςεται,
1733 2679 1825 2713 ὥστε

511 2727 571 2759 καὶ
597 2725 636 2760 τὸ
663 2724 797 2760 ταυτὸν
822 2726 881 2759 καὶ
907 2725 947 2760 τὸ
974 2726 1098 2771 ἕτερον
1122 2727 1182 2760 καὶ
1208 2725 1248 2760 τὸ
1275 2724 1452 2770 ἐναντίον,
1480 2726 1563 2759 ὥστ’
1584 2727 1675 2760 εἰναι
1700 2725 1824 2770 ἕτερον

512 2774 597 2806 καθ’
615 2771 769 2816 ἑκάστην
793 2773 1022 2817 κατηγορίαν.
