2056 3234
236 169 310 204 180

239 806 340 834 There
361 811 442 834 must
463 807 497 833 be

266 850 282 868 a
303 842 465 869 difference

302 877 436 903 between

248 911 482 938 instantaneous

272 947 331 985 and
353 947 464 981 tasting

284 985 446 1008 existence.

276 1501 371 1529 Proof
386 1502 465 1529 from

287 1538 456 1572 Scripture.

960 175 1185 207 JOHANNIS
1209 175 1377 207 WICLIF
1638 173 1727 200 CAP.
1748 173 1828 201 XIX.

519 281 694 329 quelibet
736 293 829 329 pars
874 280 1139 328 quantitativa
1181 281 1376 328 temporis
1421 289 1522 317 esset
1561 281 1714 328 equalis
1758 293 1831 316 suo

519 347 604 375 toto
648 338 896 386 simpliciter.
950 340 1135 375 Preterea
1179 351 1298 375 omne
1342 338 1632 386 sempiternum
1678 347 1736 375 est
1774 338 1832 374 in-

520 396 677 432 finitum
712 409 731 432 a
767 405 881 444 parte
926 405 1029 444 post,
1076 405 1113 433 et
1157 408 1228 444 per
1272 408 1521 445 consequens
1566 396 1732 433 duracio
1776 395 1832 432 rei

519 466 626 490 nunc
659 453 875 490 desinentis
909 463 966 490 est
999 453 1259 502 sempiterna,
1292 454 1395 490 sicut
1417 463 1475 490 est
1497 453 1652 490 infinita
1675 467 1697 491 a
1719 462 1833 502 parte

519 521 623 560 post,
657 521 693 548 et
716 511 770 548 ita
803 511 1010 560 quodlibet
1042 511 1309 549 successivum
1344 521 1445 549 esset
1478 511 1699 557 infinitum;
1732 511 1866 548 sicut5

520 570 625 606 enim
660 569 716 606 rei
750 570 931 606 absolute
965 579 1023 606 est
1055 571 1150 607 dare
1182 569 1371 606 ultimum
1407 569 1572 615 instans,
1607 569 1662 606 ita
1694 579 1732 606 et
1764 582 1833 606 sue

520 627 750 664 duracionis
785 636 841 663 est
875 629 970 664 dare
1001 628 1190 664 ultimum
1223 628 1387 675 instans,
1422 637 1460 664 et
1482 640 1553 675 per
1585 639 1834 676 consequens

519 685 698 732 duracio,
743 697 820 733 que
859 685 1003 722 desinit
1041 698 1137 733 esse,
1184 695 1241 722 est
1279 686 1537 734 sempiterna,
1583 694 1620 722 et
1658 686 1835 734 quelibet

520 756 582 779 res
615 752 672 780 est
705 743 912 780 durabilis.

578 803 717 849 Neque
754 801 912 838 videtur
955 801 1078 847 racio,
1124 814 1248 850 quare
1293 801 1503 840 manencia
1547 801 1730 837 instantis
1773 801 1835 838 vel
1855 816 1893 836 10

522 858 684 895 alterius
718 859 837 895 subiti
862 859 911 895 sit
934 859 1099 896 duracio
1132 859 1389 907 sempiterna,
1424 872 1514 896 cum
1548 859 1598 895 sit
1622 859 1834 896 manencia

521 916 720 952 infinitum
767 917 973 964 diuturna3
1032 927 1068 954 et
1111 927 1245 954 tamen
1290 926 1347 953 est
1392 930 1472 953 non
1516 926 1680 965 quanta,
1726 919 1834 965 quod

519 974 676 1011 videtur
714 974 943 1021 ridiculum,
989 977 1097 1024 quod
1136 975 1302 1012 duracio
1342 975 1586 1023 sempiterna
1625 975 1766 1023 incipit
1798 984 1835 1011 et

521 1032 664 1069 desinit
698 1045 794 1069 esse.
829 1032 1023 1070 Similiter
1055 1046 1174 1070 omne
1206 1045 1364 1081 semper
1397 1045 1480 1069 esse
1514 1042 1572 1069 est
1604 1033 1835 1081 aliqualiter

521 1103 618 1138 esse,
652 1090 753 1127 sicut
787 1100 844 1127 est
877 1091 1127 1139 aliquamdiu
1161 1103 1263 1137 esse3
1309 1104 1403 1139 ergo
1434 1091 1496 1127 vel
1528 1100 1586 1127 est
1618 1103 1703 1128 esse
1735 1100 1835 1127 tem-
1855 1095 1891 1127 15

520 1150 658 1197 porale
702 1149 762 1185 vel
809 1161 893 1185 esse
936 1149 1249 1186 instantaneurn.
1295 1149 1334 1185 Si
1379 1149 1692 1195 instantaneum‚
1740 1158 1835 1185 tunc

521 1219 601 1243 non
636 1216 692 1243 est
725 1219 809 1243 esse
842 1206 1089 1253 diuturnum,
1124 1216 1161 1244 et
1194 1220 1263 1255 per
1295 1219 1544 1255 consequens
1577 1218 1656 1243 non
1690 1206 1836 1255 sempi-

521 1274 694 1301 ternum.
741 1264 781 1300 Si
813 1274 1135 1313 temporaneum,
1180 1274 1275 1302 tunc
1308 1274 1365 1302 est
1397 1264 1618 1302 successive
1655 1266 1834 1313 longum,

523 1332 560 1359 et
598 1335 687 1359 cum
728 1323 882 1359 nullum
927 1323 1113 1360 accidens
1157 1323 1435 1360 denominabit
1477 1323 1716 1369 subiectum,
1762 1323 1836 1359 nisi

524 1381 694 1428 qualiter
727 1380 858 1429 ipsum
893 1381 979 1427 erit,
1025 1381 1219 1429 sequitur,
1266 1382 1375 1430 quod
1414 1380 1516 1418 sicut
1549 1380 1745 1430 quidlibet
1777 1381 1837 1417 fu·
1854 1395 1895 1416 20

523 1447 657 1474 turum
692 1438 766 1475 erit
798 1439 1103 1487 sempiternum,
1148 1439 1203 1476 sic
1235 1451 1394 1488 semper
1432 1439 1524 1485 erit3
1570 1452 1661 1476 cum
1700 1447 1837 1476 tamen

524 1497 742 1544 Apostolus
774 1498 825 1533 ad
848 1498 971 1534 Hebr.
997 1501 1042 1545 70
1065 1497 1197 1545 arguit
1229 1509 1272 1533 ex
1305 1499 1395 1543 hoc,
1429 1499 1537 1545 quod
1557 1499 1669 1534 Jesus
1703 1505 1837 1533 manet

524 1554 564 1591 in
611 1563 793 1591 eternum
841 1554 1169 1603 indegradabilis,
1222 1556 1330 1603 quod
1378 1555 1668 1604 sempiternum
1717 1556 1837 1591 habet

523 1612 814 1649 sacerdocium.
861 1614 938 1650 Sed
977 1613 1084 1650 iuxta
1124 1614 1226 1650 hanc
1264 1613 1367 1650 viam
1413 1626 1532 1650 omne
1577 1612 1837 1661 corruptibile

523 1680 784 1719 personatum
823 1683 905 1707 non
945 1680 1079 1708 manet
1111 1683 1182 1719 per
1213 1680 1373 1720 ternpus
1407 1681 1588 1708 eternum
1622 1680 1659 1707 et
1692 1684 1714 1708 a
1746 1684 1837 1719 pro·
1856 1675 1895 1707 25

524 1728 694 1777 prietate
728 1737 785 1765 est
817 1728 1095 1777 imprivabilis,
1130 1738 1168 1766 et
1198 1729 1255 1766 sic
1288 1729 1465 1778 quelibet
1498 1729 1588 1766 talis
1622 1728 1755 1777 passio
1780 1737 1837 1766 est

524 1786 767 1835 sempiterna
807 1795 844 1823 et
882 1799 953 1835 per
996 1787 1103 1824 idern
1147 1787 1370 1824 subiectum
1417 1787 1593 1835 passioni
1640 1799 1837 1832 coewum;

524 1844 615 1880 ideo
648 1853 801 1881 certum
835 1853 906 1891 est,
939 1846 1047 1893 quod
1069 1846 1285 1893 Apostolus
1317 1858 1399 1881 non
1432 1846 1667 1882 concederet
1700 1857 1839 1893 quem-

525 1902 620 1939 libet
664 1904 915 1939 sacerdotem
961 1915 1124 1940 manere
1168 1916 1239 1951 per
1282 1912 1441 1951 tempus
1480 1912 1661 1940 eternum
1700 1903 1761 1939 vel
1798 1902 1839 1938 in

526 1969 721 2007 eternum7
766 1962 874 2009 quod
919 1960 1025 1997 idem
1067 1971 1137 2007 est,
1176 1961 1237 1998 vel
1275 1961 1460 1998 effectum
1504 1960 1716 1998 cuiuslibet
1748 1960 1838 1997 talis
1856 1966 1897 1999 30

526 2030 610 2055 esse
650 2018 852 2055 infinitum
893 2019 1093 2065 durabile3
1138 2032 1232 2067 ymo
1264 2031 1355 2056 vere
1388 2020 1551 2065 diceret,
1596 2020 1705 2067 quod
1744 2018 1839 2056 talia

526 2089 606 2113 non
629 2086 797 2124 possunt
819 2089 977 2125 semper
1002 2090 1175 2123 manere,
1209 2077 1316 2126 quia,
1350 2086 1392 2114 ut
1424 2077 1530 2114 idem
1562 2076 1670 2123 dicit,
1704 2089 1838 2123 omne,

527 2135 634 2183 quod
677 2134 901 2181 veterascit,
947 2148 1073 2183 prope
1117 2135 1326 2172 interitum
1372 2144 1447 2180 est;
1501 2136 1706 2183 quomodo
1745 2147 1839 2183 ergo

526 2201 617 2228 sunt
646 2187 651 2246 Ι
680 2192 815 2229 omnia
848 2201 999 2240 eterna,
1043 2205 1202 2242 semper
1237 2193 1463 2230 manentia?
1509 2192 1700 2229 Similiter
1732 2192 1840 2229 iuxta
1861 2198 1989 2231 F 333‘

527 2250 631 2286 idern
679 2253 784 2287 Deus
832 2262 990 2299 semper
1033 2251 1175 2300 incipit
1220 2260 1255 2288 et
1300 2250 1444 2287 desinit
1488 2263 1584 2297 esse,
1629 2251 1736 2300 quod
1782 2259 1839 2287 est
1855 2255 1895 2289 35

527 2308 790 2356 impossibile,
843 2321 932 2345 cum
980 2309 1196 2346 essenciale
1241 2309 1290 2346 sit
1330 2311 1414 2346 Deo
1459 2321 1543 2346 esse
1586 2321 1658 2357 per
1702 2308 1839 2346 omnia

528 2367 662 2403 secula
695 2367 936 2404 seculorum.
983 2369 1235 2404 Antecedens
1268 2369 1462 2415 probatur
1494 2379 1564 2415 per
1597 2368 1686 2410 hoc,
1731 2367 1839 2415 quod

528 2436 785 2473 quocumque
823 2424 987 2462 instanti
1020 2425 1177 2473 signato
1209 2425 1249 2462 in
1281 2425 1350 2462 illo
1383 2427 1489 2462 Deus
1523 2433 1580 2462 est
1612 2437 1770 2474 semper
1803 2432 1840 2460 et

596 2591 627 2617 4,
647 2581 671 2609 5.
693 2590 709 2609 a
729 2586 813 2617 parte
834 2583 913 2618 post]
935 2583 999 2609 cod.
1014 2592 1023 2610 :
1048 2590 1141 2619 appy.
1273 2581 1315 2609 25.
1336 2583 1547 2618 personatumq
1568 2580 1634 2609 cod.
1646 2591 1656 2610 ,·
1682 2572 1838 2617 pessc‘ffiat.

529 2648 572 2678 32.
592 2652 685 2685 idem]
707 2652 794 2679 coci.:
813 2639 860 2680 Ῠδ.

600 2756 653 2778 22.
685 2747 793 2782 Hebr.
825 2748 854 2786 7,
885 2748 942 2780 24.
1084 2748 1137 2782 33.
1170 2748 1280 2780 Hebr.
1311 2749 1344 2786 8,
1370 2750 1425 2780 13.
1464 2747 1565 2786 Quod
1597 2753 1713 2780 autem
1745 2748 1839 2780 anti—

528 2799 660 2834 quatur
686 2799 718 2825 et
744 2795 905 2834 senescit,
927 2804 1043 2835 prope
1069 2795 1249 2826 interitum
1277 2801 1339 2826 est.
