2056 3234
229 182 279 229 98
957 187 1182 219 JOHANNIS
1208 185 1376 217 wicta:
1679 183 1768 211 CAP.
1790 184 1826 212 x.

514 295 723 341 similibus,
757 307 830 331 nec
853 295 988 330 subest
1009 294 1118 330 locus
1142 294 1191 330 ab
1215 292 1457 329 auctoritate
1480 292 1831 341 philosophorum,

514 355 620 390 unde
653 353 817 401 aliquod
855 352 1206 400 predicamentum
1247 350 1570 399 distingweretur
1608 363 1630 387 a
1663 351 1832 399 reliquo,

515 411 613 460 quin
656 424 726 460 per
766 410 872 447 idem
919 422 1043 459 genus
1089 409 1254 457 agencie
1298 407 1568 457 distingwitur
1596 405 1601 462 Ι
1631 422 1652 446 a
1690 421 1835 457 genere
1853 413 1971 446 F.213

514 469 725 518 passionis.

226 533 326 572 Every
345 533 445 573 act-ion
466 533 492 560 is
573 529 671 564 Item
705 526 836 563 omnis
869 525 1035 574 agencia
1069 534 1127 562 est
1158 524 1382 561 formaliter
1413 524 1455 561 in
1487 533 1642 573 agente,
1681 538 1763 562 non
1795 526 1868 563 inf>

225 568 491 638 rggfflssllgrnbnntgte
514 599 585 622 suo
618 598 760 634 passo;
794 584 926 621 omnis
949 583 1083 633 passio
1116 592 1173 620 est
1197 592 1360 620 econtra
1393 583 1433 619 in
1456 596 1575 631 passo
1598 583 1834 630 formaliter,

226 638 500 700 aiiijtilieofcjggige
513 657 594 680 non
626 644 666 680 in
688 656 761 680 suo
793 651 955 691 agente3
990 655 1083 690 ergo
1116 651 1174 679 est
1204 641 1321 678 realis
1355 641 1565 678 distineeio
1598 641 1702 678 inter
1734 641 1836 679 illaS.

277 708 308 735 in
328 712 396 747 true
416 707 451 735 of
514 703 767 739 Antecedens
800 709 911 749 patet
944 713 987 737 ex
1016 702 1105 746 hoc,
1140 701 1247 749 quod
1281 699 1396 736 aliter
1429 713 1548 737 omne
1581 712 1703 748 agens
1726 709 1837 749 pate-

289 751 427 779 passum.
515 769 624 797 retur
657 760 824 797 eandem
860 759 1088 808 passionem
1114 771 1237 807 quam
1260 771 1423 807 passum
1446 771 1578 806 suum,
1613 767 1650 794 et
1673 767 1838 795 econtra

515 831 635 855 omne
673 831 836 867 passum
876 826 1012 866 ageret
1050 818 1190 854 eadem
1230 816 1410 865 agencia,
1451 829 1529 865 qua
1569 829 1703 864 agens,
1744 829 1835 853 cum
1858 833 1897 854 10

516 876 667 914 claudit
700 875 1087 921 contradiccionem‚
1121 875 1296 912 formam
1337 887 1421 912 esse
1454 875 1495 911 in
1528 874 1723 922 subiecto,
1762 874 1838 911 nisi

516 935 649 984 ipsum
675 933 920 973 denominet.
944 936 993 970 Et
1016 933 1122 970 idern
1147 942 1431 981 argumentum
1456 942 1588 970 movet
1603 933 1838 970 Aristoteles

519 994 562 1029 30
587 992 840 1029 Phisicorum
865 992 1044 1041 capitulo
1068 991 1193 1028 tercio
1217 993 1268 1028 ad
1290 993 1539 1040 ponendum,
1573 992 1683 1040 quod
1707 991 1839 1028 omnis

517 1060 648 1088 motus
688 1060 745 1088 est
784 1050 824 1087 in
864 1050 1017 1094 mobili,
1064 1063 1145 1086 non
1184 1049 1224 1085 in
1262 1063 1334 1087 suo
1374 1058 1561 1087 movente
1601 1049 1838 1096 formaliter,

514 1109 607 1158 quia
632 1109 747 1146 aliter
769 1109 952 1157 sequitur
975 1109 1144 1145 alterum
1171 1108 1342 1145 istorum
1367 1110 1554 1154 duorum,
1588 1110 1698 1157 quod
1720 1120 1840 1144 omne
1860 1114 1896 1146 15

515 1180 679 1204 movens
714 1176 908 1213 movetur,
942 1167 1003 1203 vel
1036 1168 1145 1216 quod
1179 1167 1331 1203 habens
1364 1166 1404 1202 in
1437 1179 1478 1203 se
1502 1166 1720 1203 subiective
1754 1179 1838 1203 mo-

514 1235 600 1262 tum
634 1225 858 1262 formaliter
889 1238 971 1262 non
996 1233 1198 1271 movetur3
1231 1233 1452 1274 utrumque
1485 1233 1542 1261 est
1574 1224 1840 1273 impossibile.

516 1284 709 1329 Primum,
756 1283 851 1333 quia
895 1292 991 1320 tunc
1031 1286 1137 1320 Deus
1181 1283 1410 1320 necessario
1455 1292 1696 1330 moveretur,
1737 1282 1841 1319 sicut

515 1341 744 1379 necessario
768 1350 914 1390 movet.
950 1343 999 1378 Et
1021 1342 1256 1387 secundum,
1283 1341 1376 1390 quia
1399 1341 1504 1378 idem
1531 1350 1589 1378 est
1612 1341 1668 1378 sic
1691 1342 1839 1378 habere

517 1409 673 1437 motum
722 1408 758 1437 et
804 1399 971 1446 moveri,
1016 1392 1063 1436 ut'
1098 1408 1209 1448 patet
1254 1412 1297 1437 ex
1336 1413 1435 1436 sano
1480 1401 1602 1436 modo
1647 1399 1838 1448 loquendi
1856 1413 1899 1435 20

516 1458 743 1496 communis
776 1459 901 1506 loyce.

246 1522 275 1550 1f
291 1522 392 1562 action
413 1523 473 1550 and
575 1519 671 1553 Item
707 1518 909 1565 ponendo,
944 1517 1054 1565 quod
1088 1517 1228 1553 eadem
1262 1528 1323 1552 res
1357 1516 1407 1552 sit
1430 1516 1598 1564 agencia
1632 1525 1669 1553 et
1692 1515 1838 1565 passio,

229 1566 385 1620 sspgsssgffiie
399 1565 491 1628 ssffiffg
515 1576 647 1612 adhuc
679 1587 841 1611 necesse
874 1583 932 1611 est
965 1586 1115 1623 ponere
1149 1574 1325 1611 diversas
1359 1574 1714 1611 denominaciones
1747 1587 1840 1611 cau-

226 1628 494 1690 diffgissfftffilalioes
514 1633 594 1670 sari
628 1634 676 1670 ab
710 1633 776 1669 illa
810 1633 851 1669 in
884 1641 1025 1681 agente
1060 1641 1096 1669 et
1129 1645 1262 1680 passo,
1286 1632 1380 1681 quia
1413 1633 1529 1669 aliter
1552 1645 1672 1669 omne
1702 1645 1840 1669 creans

280 1697 385 1724 would
407 1697 443 1725 be
475 1731 480 1736 ¹
515 1700 669 1728 crearet
703 1700 739 1727 et
772 1703 891 1727 omne
925 1699 1105 1727 creatum
1139 1699 1313 1737 crearet3
1347 1692 1417 1727 sed
1441 1690 1571 1727 omnis
1605 1691 1771 1740 propria
1803 1699 1840 1727 et
1856 1694 1896 1727 25

224 1732 339 1794 ἓῗῑῗὲὲῗὲ
353 1732 500 1802 ξὲΐεέᾎῗξ
516 1762 586 1798 per
610 1762 650 1786 se
675 1749 959 1786 denominacio
992 1749 1121 1785 forme
1145 1749 1407 1786 accidentalis
1431 1758 1489 1785 est
1513 1749 1686 1797 ipsamet
1710 1749 1840 1785 forma

223 1802 799 1872 ῘῚΘΤ](1381)ῗὶῖῑξξιῐῐᾙῐξψει(;(;ἰάεῃῖει113;
854 1820 948 1855 ergo
992 1808 1182 1855 ponendo
1230 1819 1391 1844 omnem
1437 1808 1559 1844 talem
1608 1807 1835 1856 passionem

224 1858 297 1907 onl'y
312 1880 419 1899 means
435 1872 501 1910 that
515 1867 687 1903 formam
723 1866 950 1902 absolutam
985 1874 1145 1913 oportet
1184 1877 1334 1913 ponere
1368 1865 1466 1902 alias
1499 1866 1651 1902 formas
1684 1878 1839 1913 respec-

236 1907 483 1977 aqsutztzsttssacggs
515 1924 615 1961 tivas
665 1923 874 1960 distinctas
922 1922 1177 1972 generaliter,
1226 1932 1263 1960 et
1306 1923 1394 1960 illas
1441 1932 1636 1961 vocarunt
1683 1923 1838 1972 antiqui

252 1976 378 2012 agencia
398 1977 471 2012 only
515 1995 661 2031 genera
685 1995 728 2019 ex
751 1981 941 2030 opposito
962 1981 1171 2028 distincta3
1196 1983 1244 2018 de
1267 1981 1413 2018 talibus
1435 1995 1613 2030 namque
1636 1991 1693 2018 est
1717 1981 1838 2018 michi
1856 1987 1898 2019 30

351 2020 363 2038 s

235 2011 484 2073 ffiprglsbesstatnhcaet
514 2053 660 2077 sermo.
696 2040 829 2077 Minor
862 2048 972 2088 patet
1005 2053 1049 2076 ex
1080 2041 1170 2087 hoc,
1204 2042 1312 2088 quod
1345 2040 1461 2077 aliter
1495 2049 1597 2077 esset
1629 2052 1839 2088 processus

273 2085 442 2143 ÷slnaecetffied
516 2099 557 2135 in
580 2098 781 2135 infinitum
808 2098 848 2134 in
871 2098 1012 2135 formis
1036 2098 1281 2145 huiusmodi,
1316 2111 1405 2135 cum
1430 2098 1518 2147 pari
1541 2098 1748 2135 evidencia
1771 2098 1839 2134 illa

304 2151 412 2186 proof:
515 2156 799 2194 denominacio
833 2165 1019 2193 causaret
1051 2156 1187 2202 aliam,
1223 2166 1260 2193 et
1292 2156 1349 2193 sic
1382 2156 1550 2194 infinite.
1597 2156 1709 2193 Sicut
1742 2169 1837 2204 ergo

514 2215 645 2251 omnis
664 2214 837 2264 qualitas
856 2216 917 2251 vel
941 2214 1145 2264 quantitas
1170 2224 1227 2251 est
1243 2214 1516 2252 substanciam
1543 2227 1625 2251 esse
1644 2223 1837 2263 quantam

513 2274 574 2310 vel
607 2274 783 2322 qualem,
830 2272 885 2309 sic
919 2286 941 2309 a
974 2273 1119 2310 maiori
1163 2274 1225 2310 vel
1263 2273 1351 2322 pari
1395 2273 1527 2310 omnis
1571 2272 1738 2320 agencia
1779 2281 1836 2309 est
1853 2276 1893 2309 35

514 2331 788 2368 substanciam
833 2343 916 2367 esse
950 2340 1150 2379 agentem,
1191 2340 1228 2368 et
1260 2331 1329 2368 illa
1362 2340 1419 2368 est
1452 2330 1734 2368 denominacio
1766 2343 1837 2379 per

515 2403 554 2426 se
588 2398 625 2426 et
658 2389 825 2438 propria
856 2389 997 2435 forme,
1033 2403 1122 2426 cum
1158 2389 1442 2426 denominacio
1466 2389 1677 2426 cuiuslibet
1709 2390 1837 2426 forme

514 2447 564 2484 sit
598 2448 727 2496 ipsum
762 2446 988 2484 subiectum
1023 2447 1277 2485 denominari
1311 2448 1549 2484 formaliter.

228 2510 432 2538 LActionis
453 2519 490 2538 an
573 2505 849 2542 Confirmatur
893 2506 1025 2553 primo
1072 2518 1115 2542 ex
1160 2507 1248 2552 hoc,
1295 2508 1403 2554 quod
1448 2518 1588 2542 omnes
1627 2514 1834 2554 ponenteS,

224 2545 500 2619 Ξῗεέἷῗὲῃζὲὲῐξὲᾞζ
513 2564 700 2600 veritates
735 2565 868 2613 modo,
902 2577 982 2612 quo
1007 2564 1158 2600 dictum
1185 2572 1241 2600 est
1265 2564 1461 2612 superius,
1495 2565 1642 2600 habent
1671 2575 1834 2612 ponere,
1849 2576 1894 2607 40

236 2615 385 2650 suffering
404 2623 430 2642 1s
451 2616 485 2643 of

258 2649 311 2676 the
333 2649 462 2684 patient.

590 2733 637 2754 12.
671 2722 723 2765 Cf.
750 2724 855 2754 Arist.
874 2724 950 2755 Nat.
970 2724 1075 2755 Ausc.
1094 2724 1135 2755 III
1165 2725 1181 2757 3
1202 2724 1253 2765 (2)
1277 2734 1287 2756 1
1320 2724 1403 2765 (Ed.
1423 2725 1510 2757 Par.
1532 2723 1571 2756 II
1585 2725 1669 2764 275,
1692 2725 1738 2754 29
1754 2723 1835 2764 ss.).·

513 2767 589 2800 Καὶ
619 2767 661 2801 τὸ
692 2768 945 2811 ἀπορούμενον
982 2768 1021 2801 δὲ
1061 2767 1233 2813 φανερὸν,
1273 2766 1329 2802 ὅτι
1360 2767 1458 2801 ἐστὶν
1488 2768 1510 2812 ἡ
1543 2768 1682 2812 κίνησις
1713 2765 1751 2801 ἐν
1783 2771 1831 2812 τῷ

514 2818 664 2858 κινητῷ·
691 2812 885 2858 ἐντελέχεια
909 2814 977 2858 γάρ
1002 2812 1079 2847 ἐστι
1103 2817 1248 2858 τούτου,
1273 2815 1334 2849 καὶ
1358 2815 1430 2848 ὑπὸ
1457 2819 1521 2848 τοῦ
1547 2818 1739 2859 κινητικοῦ.
