2056 3234
159 822 195 842 10

158 1099 193 1131 15

156 1967 197 1998 'jo

212 181 298 209 cAP.
319 182 372 208 v1.
538 184 596 215 DE
624 184 745 215 ENTE
774 184 1194 215 I‘REDICAMENTALI.
1757 176 1774 211 5
1787 176 1804 210 5

212 290 473 337 metaphisici,
534 298 642 337 patet
689 290 978 327 considerando
1030 289 1294 326 diffiniciones
1347 290 1522 327 Euclidis

211 350 258 384 de
291 358 452 396 puncto,
498 348 614 393 linea,
654 347 877 395 superficie,
917 348 1064 395 angulo
1097 357 1134 383 et
1167 348 1307 395 figura,
1348 356 1384 384 et
1417 347 1521 384 idem

214 415 319 454 patet
352 406 454 443 libro
490 407 533 441 50
568 414 604 441 et
639 409 683 452 70
718 407 765 442 de
804 405 1139 453 proporcionibus
1178 414 1214 441 et
1253 405 1443 452 numeris,
1485 414 1522 442 et

211 464 265 500 ita
289 472 345 499 est
370 465 416 499 de
440 463 526 500 aliis
551 463 730 499 scienciis
755 463 1056 509 doctrinalibus,
1081 464 1188 511 quod
1212 476 1350 499 omnes
1373 476 1521 510 suppo-

211 530 309 557 nunt
342 521 645 558 distinccionem
680 520 975 562 accidencium3
1010 522 1117 569 quod
1151 521 1456 557 fundamentum
1490 520 1520 556 si

211 579 259 614 sit
291 579 550 626 impossibile,
591 578 674 614 sine
708 578 829 614 dubio
862 592 941 614 non
973 579 1112 614 fundat
1146 578 1365 624 veritatem,
1400 580 1520 626 quod,

211 636 241 672 si
265 636 536 684 intelligantur
565 636 840 672 conclusiones
865 636 1207 681 condicionaliter,
1241 637 1374 683 palam
1398 645 1520 683 patet,

211 696 318 742 quod
352 707 450 742 eque
482 694 662 742 sequitur
695 693 901 742 quidlibet,
937 693 1030 741 quia
1063 693 1170 729 iuxta
1204 694 1304 729 hanc
1336 693 1441 730 viam
1475 694 1522 729 de

211 751 396 800 potencia
435 753 616 788 absoluta
654 764 733 787 non
772 760 906 798 posset
945 753 1166 799 producere
1206 752 1284 786 tale
1323 751 1521 796 accidens,

211 810 328 858 quale
365 809 654 846 adnichilantes
689 809 841 856 fingunt
875 809 1153 857 quantitatem,
1195 821 1253 853 eo,
1287 810 1395 856 quod
1428 817 1522 844 tunc

210 881 290 904 non
330 868 492 903 haberet
525 868 699 903 colorem
741 866 911 914 negandi
950 867 1070 903 talem
1105 866 1383 914 quantitatem,
1428 865 1522 913 quia

211 925 372 961 indubie
406 924 619 969 evidencie,
654 937 730 972 que
755 933 959 960 moverent
983 926 1032 960 ad
1056 925 1340 960 destruendum
1365 923 1521 972 quanti-

210 992 333 1019 tatem
368 995 467 1030 eque
501 982 714 1018 efficaciter
738 983 968 1029 probarent,
1003 983 1108 1030 quod
1133 994 1213 1018 non
1246 990 1302 1017 est
1335 981 1522 1029 possibile

212 1041 332 1077 talem
366 1053 462 1076 esse.

268 1100 323 1134 Ex
355 1111 433 1146 quo
465 1098 635 1142 videtur,
675 1099 782 1145 quod
821 1098 945 1133 altera
977 1098 1136 1133 illarum
1171 1106 1228 1133 est
1262 1096 1449 1143 heretica,
1489 1096 1520 1132 si
1535 1102 1602 1130 The
1622 1103 1803 1130 distinction

211 1156 328 1192 fuerit
372 1155 632 1203 pertinaciter
676 1156 892 1201 defensata,
939 1155 1029 1203 quia
1077 1155 1273 1202 scripture
1313 1167 1424 1190 sacre
1462 1166 1521 1190 se·
1570 1137 1769 1199 acffigffiesnjs

212 1215 386 1250 cundum
432 1212 653 1261 quamlibet
701 1212 783 1248 eius
832 1222 983 1260 partem
1040 1213 1251 1249 contraria.
1307 1213 1420 1248 Unde
1463 1211 1519 1248 sic
1546 1206 1801 1268 '‘¹¹⁵0bsufigl‘2fmd

211 1284 423 1319 argueram
466 1271 692 1318 frequenter
738 1270 776 1306 in
821 1271 893 1306 ista
941 1270 1129 1307 materia:
1184 1269 1324 1306 Omnis
1369 1269 1518 1318 opinio,
1553 1250 1790 1337 Sci-igturejaud

213 1342 255 1366 ex
296 1342 374 1377 qua
413 1328 635 1364 formaliter
680 1328 859 1375 sequitur
891 1328 1121 1376 oppositum
1167 1328 1258 1364 fidei
1300 1309 1810 1372 secundumaonfdflt]ee[tf-,1⁵⁵¹151h0'ss}¹

212 1387 432 1435 quamlibet
470 1395 624 1434 partem
663 1385 738 1430 sui,
780 1395 835 1422 est
875 1385 1061 1432 heretica,
1107 1385 1200 1433 quia
1233 1394 1522 1433 consequenter

212 1445 493 1492 respondendo
538 1457 559 1479 a
605 1444 681 1479 fide
730 1443 913 1488 divisiva,
964 1445 1032 1479 sed
1077 1444 1201 1480 altera
1245 1443 1411 1479 istarum
1465 1451 1523 1479 est

212 1502 455 1548 huiusmodi,
490 1514 547 1547 eo,
583 1503 689 1549 quod
724 1501 943 1537 formaliter
967 1501 1238 1548 impossibilis,
1273 1513 1364 1549 ergo
1398 1501 1522 1537 altera

179 1572 193 1585 '³
212 1561 379 1597 istarum
414 1568 470 1596 est
504 1559 690 1595 heretica.
722 1562 725 1602 Ι

270 1618 431 1654 Nullum
473 1617 577 1653 enirn
617 1617 693 1653 tale
732 1616 978 1664 impossibile
1012 1625 1140 1663 potest
1173 1628 1269 1662 esse,
1310 1615 1384 1652 nisi
1418 1618 1523 1652 Deus
1561 1621 1796 1692 'gihneioopposits?i

1546 1666 1563 1683 Ο
1657 1665 1673 1684 l)
1695 1665 1764 1683 wou

179 1676 293 1712 snon
325 1675 388 1721 sit,
423 1688 493 1711 nec
526 1683 696 1722 oportet,
730 1675 761 1711 si
795 1674 944 1710 dictum
979 1674 1027 1710 sit
1061 1674 1297 1720 hereticum,
1337 1676 1444 1722 quod
1478 1686 1523 1710 eo
1553 1692 1587 1718 be
1608 1691 1749 1719 heretica!
1771 1691 1796 1718 if

212 1734 310 1781 ipso,
345 1733 433 1782 quis
466 1733 595 1780 ipsum
632 1732 783 1779 asserit,
818 1732 866 1768 sit
901 1732 1112 1768 hereticus.
1154 1733 1283 1768 Omne
1318 1744 1410 1779 ergo
1444 1732 1524 1768 tale
1578 1726 1776 1788 ῐξὶἶῗὲῗέὲῗξέἔ

211 1792 361 1828 dictum
395 1792 622 1836 asserendo,
658 1800 948 1837 consequenter
986 1791 1191 1837 negandus
1224 1797 1325 1825 esset
1358 1789 1525 1837 quilibet

211 1849 401 1885 articulus
434 1848 538 1892 fidei,
571 1857 671 1883 esset
703 1860 856 1883 summe
881 1847 1114 1884 hereticum.
1147 1847 1273 1883 Aliter
1307 1848 1410 1883 enim
1443 1860 1524 1883 non

212 1916 313 1942 esset
347 1906 562 1949 evideneia,
598 1908 703 1954 quod
738 1905 961 1953 opiniones,
995 1918 1071 1954 que
1103 1919 1183 1942 non
1216 1915 1307 1942 sunt
1343 1917 1523 1953 expresse

213 1964 384 2000 heretice
418 1964 457 1999 in
491 1964 688 2011 scriptura
721 1976 846 2009 sacra,
880 1976 951 2000 nec
982 1976 1119 2000 eorum
1153 1963 1340 2011 opposita
1374 1971 1523 1999 asserta

213 2032 341 2058 essent
365 2021 551 2066 heretice,
584 2021 695 2057 cuius
718 2021 948 2069 oppositum
981 2030 1137 2057 constat
1160 2033 1203 2057 ex
1233 2020 1524 2057 hereticacione

214 2081 427 2116 multarum
468 2080 651 2115 heresum
690 2091 760 2127 per
794 2079 1175 2115 determinacionem
1221 2078 1397 2115 ecclesie.
1436 2080 1525 2114 Non

213 2137 317 2173 enim
358 2139 476 2173 homo
511 2136 719 2183 hereticus,
762 2137 855 2184 quia
894 2136 989 2172 dicit
1026 2136 1256 2184 opinionem
1292 2135 1522 2181 hereticam,

214 2197 282 2231 sed
315 2195 424 2242 prius
446 2194 682 2231 naturaliter
716 2203 773 2230 est
807 2207 896 2230 eum
925 2194 1055 2241 ipsum
1090 2194 1357 2241 dogmatisare
1381 2193 1523 2230 hereti-

157 2255 189 2285 ἶί.
215 2265 302 2289 cam
335 2253 563 2297 scienciam,
598 2265 718 2300 quam
742 2251 872 2299 ipsum
903 2264 986 2288 esse
1010 2251 1244 2288 hereticum.
1279 2254 1391 2288 Patet
1415 2264 1523 2299 ergo,

214 2312 320 2359 quod
354 2310 428 2346 ista
461 2310 614 2358 posicio
648 2319 843 2357 repugnat
875 2309 1055 2346 scienciis
1089 2309 1389 2355 doctrinalibus,
1430 2308 1523 2356 quia

198 2368 294 2416 ‘suis
317 2367 522 2416 principiis
547 2376 755 2415 repugnat,
791 2377 827 2403 et
852 2366 1163 2403 diffinicionibus
1186 2367 1291 2403 beati
1313 2366 1522 2414 Augustini

288 2528 313 2547 1.
343 2516 396 2557 Cf.
422 2516 576 2547 Euclidis
595 2516 764 2547 Ele-ment.
784 2516 807 2547 1.
826 2515 964 2547 Definit.
989 2526 1020 2551 1;
1049 2525 1065 2546 2
1087 2526 1138 2556 sq.
1161 2514 1195 2554 53
1222 2516 1259 2553 {53
1284 2525 1322 2555 14
1349 2514 1523 2555 (Euclidis

214 2572 323 2603 opera
357 2563 475 2593 onmia
509 2562 696 2594 ediderunt
727 2562 760 2592 J.
796 2563 834 2594 If.
868 2561 1026 2600 Heiberg
1059 2566 1093 2593 et
1124 2561 1170 2592 H.
1207 2562 1347 2602 Menge,
1382 2561 1524 2602 Lipsiae

214 2610 460 2644 188521888,
476 2609 539 2640 vol.
556 2608 582 2645 I,
598 2619 632 2649 p.
650 2611 671 2639 4
687 2612 719 2638 et
736 2607 783 2647 5).
882 2608 911 2639 [3.
932 2608 984 2648 Cf.
1003 2607 1156 2638 Euclidis
1174 2607 1394 2645 Element.V,
1409 2607 1521 2646 4——25

215 2655 295 2687 (Ed.
314 2655 407 2695 Lips.
429 2655 465 2685 II
479 2656 625 2695 15—77)
646 2658 678 2684 et
696 2654 754 2685 VII
775 2654 872 2694 (ibid.
892 2654 1108 2693 184—269).
1195 2654 1247 2694 37.
1270 2653 1321 2693 Cf.
1339 2653 1521 2694 Augustini

215 2701 265 2731 De
293 2700 490 2739 Quantitate
515 2700 573 2731 lib.
602 2710 675 2741 cap.
694 2700 764 2739 VII,
790 2699 924 2731 X—-Xll
953 2700 1092 2740 (Migne
1112 2698 1264 2731 XXXII
1276 2699 1522 2735 1041—1046')

215 2751 319 2788 atque
356 2747 529 2787 imprimis
568 2746 666 2784 illud,
707 2756 780 2787 cap.
812 2746 865 2784 XI,
906 2752 987 2776 sect.
1020 2744 1073 2776 18:
1114 2745 1294 2785 Siquidem
1334 2744 1398 2776 hoc
1435 2745 1523 2781 (scil.

209 2792 395 2834 punctum)
433 2797 483 2824 est
517 2792 609 2835 quod
651 2792 781 2823 nullam
828 2792 1032 2823 divisionem
1069 2791 1244 2833 patiatur,
1284 2795 1316 2821 ei
1350 2795 1520 2831 punctum
