2056 3234
261 162 339 198 226

276 918 298 946 I.
321 918 510 946 Conclusion

265 954 333 981 God
355 953 406 981 did
428 957 525 980 create

306 989 355 1016 the
375 988 484 1015 world.

315 2131 491 2168 Corollary:

285 2168 307 2195 I.
328 2167 395 2194 The
414 2167 512 2194 world

298 2206 411 2229 cannot
431 2202 507 2229 have

290 2236 405 2264 existed
427 2236 507 2264 from

334 2272 471 2307 eternity.

263 2384 287 2403 2.
309 2376 334 2403 It
355 2380 436 2403 must
455 2376 531 2403 have

266 2412 337 2438 been
359 2411 477 2438 created
499 2411 529 2437 in

275 2454 361 2472 some
381 2445 525 2472 duration

285 2480 360 2507 after
379 2479 518 2515 eternity.

1040 166 1206 198 Johannis
1232 165 1354 197 Wiclif
1682 161 1808 196 Quaest.
1828 161 1851 188 I.

546 273 666 321 igitur
699 282 755 310 est
781 274 950 321 dareper
981 285 1021 309 se
1052 272 1184 321 primo
1217 284 1335 318 nunc,
1369 272 1476 320 quod
1499 279 1656 319 oportet
1690 282 1772 307 esse
1794 270 1852 306 in-

546 331 740 368 divisibile
762 331 981 367 secundum
1005 330 1312 376 successionem,
1337 329 1442 377 quia,
1467 328 1497 365 si
1521 337 1622 365 esset
1642 327 1850 373 divisibile,
1874 330 1876 333 ’

546 389 601 425 sic
631 388 782 438 aliquid
812 388 894 424 eius
918 388 958 424 in
981 388 1231 425 successione
1261 396 1361 424 esset
1392 386 1642 435 preteritum,
1677 395 1713 422 et
1745 385 1853 422 aliud

545 447 744 493 futurum;
777 446 898 494 igitur
930 455 1030 483 esset
1061 458 1166 482 nunc
1199 446 1419 482 secundum
1442 453 1598 493 partem
1622 452 1659 480 et
1682 456 1762 480 non
1783 456 1854 492 per

546 517 586 542 se
623 504 769 553 primo,
808 504 902 553 quia
939 517 1021 540 non
1057 505 1278 540 secundum
1316 511 1468 551 partem
1509 501 1742 551 preteritam
1780 507 1887 540 nec5

545 563 721 599 futuram
760 571 860 599 esset
896 574 1016 599 nunc.
1063 561 1184 610 Igitur
1215 562 1293 598 tale
1326 563 1459 597 ‘nunc³
1493 568 1651 609 oportet
1683 571 1766 596 esse
1797 559 1855 595 in-

546 620 740 657 divisibile
788 620 1007 657 secundum
1057 619 1365 664 successionem,
1410 627 1447 655 et
1493 631 1563 667 per
1609 630 1855 665 consequens

546 677 774 727 supposicio
805 690 910 714 vera.
951 680 999 714 Et
1037 677 1125 714 talis
1165 677 1330 714 duraeio
1368 675 1499 713 subita
1530 684 1639 713 tenet
1670 675 1854 711 infimum

546 737 713 785 gradum
753 736 870 772 realis
908 735 1136 772 duracionis
1169 744 1300 772 create
1332 734 1554 772 successiva
1586 733 1626 770 in
1658 745 1784 770 ewum
1818 742 1855 770 et

546 807 627 831 ewa
658 806 898 842 permanens
929 794 1013 830 sine
1044 794 1123 844 fine
1154 806 1377 840 summurn3
1416 805 1554 830 omnes
1586 800 1721 828 tamen
1753 791 1855 828 infra
1876 809 1913 831 ιο

547 861 584 889 et
615 861 705 900 post
738 851 989 889 eternitatem
1024 852 1245 888 existentes.

605 912 850 947 CONCLUSIO
882 917 1021 944 PRIMA:
1055 911 1160 947 Deus
1194 908 1342 946 creavit
1375 909 1569 945 mundum
1602 906 1854 953 sensibilem;

546 968 621 1005 ista
665 967 869 1004 conclusio
917 975 1027 1015 patet
1073 980 1116 1004 ex
1160 967 1239 1004 fide
1284 966 1431 1014 divina,
1477 978 1554 1014 que
1599 965 1751 1002 cercior
1798 974 1856 1001 est

546 1026 656 1063 omni
689 1025 850 1062 racione
883 1026 1073 1062 humana.
1122 1027 1318 1062 Probatur
1349 1033 1486 1061 tamen
1517 1023 1592 1060 sic:
1627 1026 1733 1060 Deus
1765 1036 1856 1072 pro-

547 1084 655 1120 duxit
688 1084 882 1119 mundum
916 1083 1158 1128 sensibilem,
1199 1092 1241 1120 ut
1273 1092 1413 1120 notum
1448 1091 1525 1128 est3
1565 1081 1687 1130 igitur
1716 1082 1778 1118 vel
1812 1093 1856 1117 ex
1877 1088 1911 1120 15

547 1142 682 1190 aliquo
715 1141 894 1178 subiecto
927 1142 987 1178 vel
1021 1142 1068 1178 de
1101 1141 1210 1177 nullo
1233 1142 1293 1178 vel
1317 1153 1360 1177 ex
1382 1140 1518 1189 aliqua
1543 1139 1772 1176 substancia
1794 1139 1855 1176 vel

547 1202 595 1237 de
618 1200 739 1236 nulla.
765 1199 1069 1247 Consequencia
1093 1208 1203 1247 patet
1228 1212 1297 1247 per
1318 1198 1422 1236 viam
1448 1197 1795 1244 contradiccionis‚
1818 1206 1856 1233 et

547 1258 784 1295 antecedens
802 1258 1008 1305 probatur,
1025 1257 1119 1305 quia
1143 1259 1316 1293 mundus
1340 1256 1535 1293 sensibilis
1560 1255 1714 1304 accepit
1737 1268 1855 1292 omne

547 1330 569 1353 a
602 1319 704 1362 Deo;
738 1315 835 1352 alias
867 1315 952 1363 ipse
985 1324 1086 1351 esset
1119 1317 1238 1362 Deus,
1271 1315 1445 1363 primum
1481 1327 1561 1360 ens,
1594 1326 1675 1350 non
1706 1315 1856 1350 habens

547 1386 666 1411 omne
688 1375 736 1410 ab
761 1373 852 1419 alio,
876 1374 983 1422 quod
1005 1386 1086 1410 non
1109 1382 1167 1409 est
1190 1373 1426 1419 dicendum3
1449 1372 1570 1421 igitur
1592 1374 1698 1408 Deus
1721 1373 1856 1408 dando
1872 1390 1914 1411 20

547 1432 621 1469 sibi
645 1444 728 1468 esse
754 1431 941 1480 produxit
974 1432 1169 1467 mundum
1200 1431 1443 1476 sensibilem,
1480 1439 1517 1467 et
1548 1439 1643 1466 tunc
1676 1429 1857 1478 arguitur

549 1503 592 1527 ex
625 1498 913 1538 consequente:
948 1491 1053 1525 Deus
1086 1489 1272 1537 produxit
1306 1490 1503 1525 mundum
1535 1487 1763 1524 sensibilem
1795 1487 1857 1524 vel

548 1561 592 1585 ex
624 1548 760 1597 aliquo
792 1547 970 1584 subiecto
992 1547 1053 1583 vel
1086 1548 1133 1583 de
1165 1547 1288 1593 nullo,
1321 1547 1381 1583 vel
1404 1559 1448 1582 ex
1470 1545 1606 1594 aliqua
1629 1545 1857 1582 substancia

546 1606 608 1643 vel
640 1607 688 1642 de
719 1605 841 1642 nulla.
876 1605 916 1641 Si
949 1617 992 1641 ex
1024 1605 1134 1642 nullo
1156 1604 1334 1641 subiecto
1358 1613 1395 1641 et
1418 1617 1461 1641 ex
1482 1604 1593 1641 nulla
1614 1603 1857 1650 substancia,

549 1676 641 1712 ergo
687 1666 792 1700 Deus
837 1663 984 1700 creavit
1028 1664 1223 1699 mundum
1269 1662 1517 1708 sensibilem;
1567 1661 1858 1711 consequencia
1874 1669 1913 1702 25

548 1730 658 1771 patet
691 1734 734 1757 ex
767 1721 863 1770 quid
900 1719 1076 1757 nominis
1109 1733 1245 1758 creare
1277 1720 1408 1769 posito
1441 1720 1482 1756 in
1514 1719 1644 1768 primo
1676 1718 1856 1756 notabili.

550 1780 590 1817 Si
623 1792 667 1816 ex
699 1779 834 1827 aliquo
865 1778 1045 1815 subiecto
1076 1779 1137 1815 vel
1170 1780 1217 1815 de
1252 1779 1388 1827 aliqua
1419 1777 1662 1824 substancia,
1696 1787 1733 1814 et
1767 1790 1857 1814 curn

548 1837 647 1874 illud
670 1836 894 1873 subiectum
921 1837 982 1873 vel
1013 1835 1082 1873 illa
1114 1836 1343 1873 substancia
1375 1836 1513 1873 fuisset
1544 1848 1605 1872 res
1639 1835 1858 1884 corporalis

549 1904 586 1932 et
630 1895 841 1940 sensibilis,
886 1893 1079 1942 sequitur,
1120 1896 1228 1942 quod
1272 1894 1406 1942 aliqua
1450 1906 1511 1930 res
1556 1893 1777 1942 corporalis
1822 1902 1860 1929 et

549 1953 746 1990 sensibilis
789 1953 939 1997 fuisset,
985 1965 1060 2000 que
1103 1965 1184 1988 non
1228 1952 1365 1988 fuisset
1403 1961 1591 1989 contenta
1628 1952 1669 1988 in
1708 1953 1858 1988 mundo
1876 1960 1917 1993 30

549 2010 725 2047 sensibili
759 2019 795 2047 et
814 2010 994 2057 inclusa,
1028 2012 1137 2059 quod
1161 2019 1217 2047 est
1241 2019 1379 2047 contra
1402 2009 1499 2059 quid
1522 2009 1696 2046 nominis
1720 2008 1859 2046 mundi

550 2068 745 2106 sensibilis
777 2068 951 2117 positum
986 2067 1026 2104 in
1058 2068 1183 2105 tercio
1215 2068 1394 2106 notabili.

608 2128 926 2164 CORROLARIUM:
960 2127 1035 2162 Iste
1068 2127 1240 2162 mundus
1272 2125 1467 2162 sensibilis
1499 2139 1579 2162 non
1610 2125 1743 2173 potuit
1775 2137 1859 2161 esse

551 2186 599 2221 ab
634 2193 770 2221 eterno
803 2183 883 2220 sive
908 2183 1135 2220 eternaliter
1158 2197 1180 2220 a
1203 2193 1315 2232 parte
1339 2193 1442 2220 ante.
1476 2185 1600 2228 Patet,
1626 2183 1719 2231 quia
1741 2196 1859 2231 opor-

551 2244 658 2279 tebat
681 2242 801 2278 istum
827 2243 1021 2277 mundum
1045 2241 1272 2278 sensibilem
1297 2243 1343 2278 de
1364 2241 1601 2278 necessitate
1624 2241 1791 2289 produci
1815 2253 1859 2277 ex
1876 2246 1915 2281 35

550 2300 713 2346 nichilo,
747 2308 791 2335 ut
824 2308 933 2348 patet
962 2311 1005 2335 ex
1037 2299 1281 2347 probacione
1315 2299 1605 2336 conclusionis:
1639 2299 1759 2347 igitur
1782 2328 1790 2335 .
1816 2328 1823 2336 .
1850 2327 1857 2335 .

609 2359 931 2394 CORROLARIUM:
965 2359 1070 2393 Deus
1092 2357 1212 2394 istum
1237 2359 1430 2394 mundum
1454 2357 1680 2394 sensibilem
1713 2356 1860 2393 creavit

551 2415 591 2452 in
614 2415 748 2463 aliqua
771 2414 989 2451 duracione
1021 2424 1111 2463 post
1143 2415 1414 2461 eternitatem3
1448 2424 1569 2463 patet,
1593 2415 1686 2463 quia
1720 2414 1858 2450 mundi

553 2473 708 2510 creacio
748 2472 904 2520 passiva
942 2485 1023 2509 non
1060 2473 1191 2521 potuit
1235 2486 1318 2510 esse
1363 2482 1499 2510 eterna
1543 2486 1565 2509 a
1608 2482 1722 2521 parte
1767 2481 1858 2509 ante

552 2544 596 2567 ex
629 2530 831 2568 contrario
871 2530 1115 2578 precedenti,
1155 2540 1193 2567 et
1232 2531 1371 2567 mundi
1410 2530 1566 2569 creacio
1605 2530 1696 2577 fuit;
1738 2530 1916 2578 igitur4o

551 2588 624 2625 fuit
666 2596 756 2637 post
800 2588 1051 2625 eternitatem
1096 2597 1134 2625 et
1182 2601 1253 2637 per
1299 2601 1547 2638 consequens
1593 2588 1857 2625 corrolarium

550 2659 700 2683 verum.

621 2790 646 2819 8.
669 2790 805 2824 dut-acio]
827 2791 913 2819 crui..-
939 2790 1003 2817 da⁷⁰
1090 2799 1127 2825 ¹7-
1151 2792 1339 2826 perversum]
1360 2790 1448 2818 cmi..-
1475 2800 1493 2825 p
1516 2791 1603 2825 v'mq.
