2056 3234
260 234 304 259 12

303 982 474 1009 Differencc

322 1017 457 1044 between

269 1059 434 1079 commune
454 1053 513 1079 and

298 1086 479 1114 universale.

966 228 1190 260 JOHANNIS
1217 228 1385 259 WICLIF
1722 224 1811 252 CAP.
1833 225 1856 252 Ι.

541 335 694 385 phisice
728 334 905 383 capitulo
941 338 1029 370 210.
1076 333 1212 370 Primo
1246 333 1392 370 dicitur
1424 346 1495 382 per
1527 346 1568 370 se
1602 346 1682 381 ens,
1729 335 1857 371 exclu-

541 395 672 430 dendo
696 405 858 429 causam
884 391 1138 438 efficientem,
1162 400 1205 427 ut
1228 392 1335 428 solus
1359 393 1478 428 Deus.
1509 393 1694 428 Secundo
1719 393 1855 439 modo,

541 452 788 488 excludendo
808 463 969 486 causam
996 449 1263 496 materialem,
1286 458 1330 485 ut
1352 451 1527 497 angelus,
1550 449 1695 486 Tercio
1719 451 1855 496 modo,

541 509 787 546 excludendo
804 507 1041 553 subiectum,
1060 507 1121 543 cui
1145 507 1340 557 inhereat,
1356 515 1399 543 ut
1419 507 1594 556 quelibet
1612 507 1854 544 substancia.

541 569 589 602 Et
622 574 766 615 quarto
802 567 926 602 modo
960 566 1081 601 habet
1115 577 1329 601 commune
1373 577 1443 613 per
1481 578 1521 601 se
1561 577 1645 601 esse
1684 566 1745 601 vel
1778 565 1889 602 dici5

541 626 588 661 de
621 625 761 670 altero,
803 625 872 660 sed
905 636 976 671 per
1008 635 1048 659 se
1082 631 1269 659 causatur
1303 624 1350 659 ab
1384 635 1452 669 eo;
1515 624 1624 671 quod
1662 623 1858 671 contingit

541 681 775 730 dupliciter:
829 682 890 718 vel
928 681 997 727 sic,
1047 683 1154 728 quod
1200 681 1452 729 predicatum
1495 680 1590 717 dicit
1634 680 1856 717 essenciam

539 739 721 786 subiecti,
772 740 833 775 vel
866 739 935 786 sic,
983 740 1092 787 quod
1131 738 1355 775 subiectum
1398 738 1493 775 dicit
1534 738 1752 775 essenciam
1789 751 1858 775 sue

539 796 737 846 passionis
771 796 988 845 predicate,
1024 805 1061 833 et
1084 809 1165 833 non
1188 805 1278 833 sunt
1312 797 1445 844 plures
1479 796 1589 832 modi
1622 795 1858 844 predicandi

540 868 611 904 per
644 868 696 901 se,
731 855 799 903 qui
833 855 960 891 eciam
995 854 1133 897 dicunt
1165 854 1206 890 in
1235 853 1510 891 accidentibus
1535 855 1677 891 modos
1701 854 1858 891 essendi
1878 865 1916 886 10

541 926 611 962 per
643 926 696 949 se.

600 973 677 1008 Pro
710 970 917 1007 solucione
950 970 1063 1006 tercii
1102 969 1328 1018 argumenti
1367 978 1527 1017 oportet
1571 978 1712 1007 notare
1752 969 1858 1007 dicta

542 1038 718 1065 tractatu
762 1028 896 1076 primo
942 1028 1120 1076 capitulo
1153 1032 1199 1074 40
1235 1029 1282 1064 de
1322 1027 1579 1064 multitudine
1625 1027 1782 1076 generis
1822 1036 1859 1064 et

540 1086 701 1135 speciei.
735 1087 921 1123 Secundo
954 1094 1115 1134 oportet
1146 1097 1386 1134 supponere,
1421 1086 1529 1133 quod
1562 1086 1630 1122 fiat
1662 1085 1858 1122 limitacio

541 1146 591 1181 ad
644 1157 715 1193 per
767 1157 807 1180 se
860 1153 897 1180 et
942 1144 1105 1192 proprie
1150 1156 1274 1192 genus
1319 1156 1364 1180 ac
1408 1142 1580 1191 species;
1643 1143 1699 1180 sic
1752 1143 1915 1180 enim15

542 1203 853 1251 supponendum
889 1211 946 1238 est
979 1201 1329 1250 predicamentum
1354 1203 1547 1238 denotare
1579 1214 1651 1250 per
1672 1214 1713 1238 se
1736 1214 1859 1249 genus

541 1260 830 1308 generativum,
855 1259 948 1308 quia
973 1260 1088 1296 aliter
1112 1268 1319 1307 oporteret
1346 1258 1496 1306 vagari,
1526 1261 1715 1308 ponendo
1745 1259 1860 1308 quasi

541 1318 697 1355 infinita
740 1317 1045 1366 predicamenta
1078 1327 1160 1354 tam
1201 1316 1373 1365 positiva
1409 1330 1530 1365 quam
1574 1317 1783 1365 privativa,
1817 1326 1860 1354 ut

542 1376 721 1424 sophiste
760 1384 946 1424 arguunt.
1010 1375 1167 1412 Dicitur
1200 1375 1304 1411 enim
1339 1374 1703 1423 predicamentum,
1750 1377 1859 1424 quod

542 1433 803 1471 autonomice
836 1446 907 1482 per
939 1446 979 1470 se
1014 1442 1049 1470 et
1083 1432 1422 1482 principalissime
1454 1433 1698 1481 predicatur,
1732 1442 1775 1470 ut
1798 1446 1859 1470 res
1875 1445 1917 1467 20

541 1504 697 1529 summe
730 1491 958 1528 communis
992 1491 1033 1528 in
1056 1491 1151 1540 quid
1182 1491 1403 1540 predicata,
1437 1491 1531 1539 quia
1564 1492 1695 1528 adhuc
1718 1504 1858 1528 secun-

541 1552 634 1586 dum
699 1550 912 1598 loquentes
967 1551 1014 1585 de
1067 1548 1394 1598 predicamentis,
1458 1561 1535 1597 que
1587 1558 1678 1585 sunt
1731 1549 1855 1597 signa,

541 1609 830 1645 recurrendum
896 1616 952 1643 est
1014 1609 1064 1643 ad
1117 1619 1179 1643 res
1231 1606 1421 1655 signataS,
1484 1619 1533 1643 ne
1597 1607 1857 1644 coordinacio

540 1666 747 1714 signorum
801 1665 850 1701 sit
903 1665 1267 1713 predicamentum,
1330 1665 1392 1701 vel
1444 1664 1610 1713 quilibet
1662 1664 1858 1701 terminus

542 1723 771 1761 communis
812 1723 861 1760 sit
899 1722 1136 1769 universale,
1183 1722 1276 1771 quia
1319 1721 1529 1759 deficiente
1573 1722 1730 1770 signato
1776 1736 1858 1759 non
1874 1724 1913 1757 25

540 1783 744 1818 habebunt
762 1780 875 1829 signa
898 1781 1020 1817 talem
1046 1780 1439 1817 denominacionem.
1456 1780 1600 1817 Tercio
1617 1781 1859 1829 supponitur

541 1852 583 1876 ex
618 1839 747 1885 dictis,
782 1840 890 1888 quod
926 1839 1276 1887 predicamentum
1311 1838 1539 1875 substancie
1572 1838 1622 1874 sit
1656 1839 1859 1887 exemplar

542 1906 578 1934 et
614 1910 799 1933 mensura
839 1896 1002 1933 cuilibet
1040 1897 1174 1944 generi
1211 1896 1444 1933 accidentis.
1497 1898 1546 1932 Et
1584 1895 1669 1933 istis
1709 1896 1858 1934 notatis

541 1964 651 2003 patet
696 1968 739 1991 ex
778 1956 955 1998 secunda
1000 1954 1291 2003 suppositione,
1347 1955 1455 2003 quod
1489 1953 1622 1991 minor
1655 1963 1712 1991 est
1745 1955 1856 2001 falsa,

542 2026 631 2049 cum
678 2026 759 2050 non
797 2013 847 2049 sit
888 2013 983 2049 dare
1021 2025 1092 2060 per
1134 2024 1174 2049 se
1213 2025 1335 2060 genus
1375 2013 1526 2060 puncti,
1580 2012 1745 2049 unitatis
1791 2021 1858 2050 aut
1875 2016 1916 2049 30

540 2071 696 2116 talium,
742 2083 817 2119 que
856 2079 947 2107 sunt
993 2070 1124 2118 prima
1161 2083 1367 2118 generum.
1421 2071 1528 2117 Ideo,
1568 2069 1670 2107 sicut
1704 2070 1857 2108 dictum

542 2138 599 2165 est
642 2137 819 2165 tractatu
857 2128 1005 2176 primo,
1060 2128 1238 2177 capitulo
1285 2127 1432 2176 primo,
1481 2141 1561 2165 non
1606 2137 1781 2176 oportet,
1826 2128 1858 2165 si

542 2186 695 2235 aliquid
758 2187 807 2223 sit
860 2199 1089 2233 commune,
1153 2187 1261 2235 quod
1313 2186 1445 2234 ipsum
1499 2186 1549 2222 sit
1611 2186 1855 2232 universale3

541 2244 752 2281 deficiente
799 2244 903 2280 enim
950 2256 1094 2292 genere
1140 2252 1398 2281 mensurante
1442 2243 1628 2292 positivo,
1682 2253 1856 2292 oportet,

541 2303 649 2351 quod
692 2301 853 2338 deficiat
891 2302 1057 2350 species.
1120 2304 1228 2348 Ideo,
1275 2314 1362 2338 cum
1411 2301 1572 2338 deficiat
1610 2314 1733 2350 genus
1778 2302 1857 2339 illis
1874 2304 1913 2338 35

542 2359 764 2408 principiis,
798 2368 921 2408 patet,
956 2361 1065 2408 quod
1097 2373 1179 2396 non
1213 2368 1304 2396 sunt
1338 2360 1392 2396 sic
1424 2359 1597 2408 species;
1644 2361 1694 2396 ad
1727 2373 1857 2408 pauca

541 2431 635 2465 ergo
668 2417 902 2466 respiciunt,
937 2417 1005 2466 qui
1037 2426 1193 2466 ponunt
1226 2430 1309 2454 esse
1342 2430 1412 2465 per
1435 2430 1475 2454 se
1507 2418 1659 2465 species
1691 2427 1857 2466 propter

541 2475 600 2512 sui
646 2475 1003 2521 communitatem3
1066 2488 1147 2512 non
1201 2488 1295 2523 ergo
1357 2488 1477 2512 omne
1531 2488 1745 2512 commune
1798 2484 1857 2512 est

541 2533 776 2579 universale,
811 2546 885 2570 nec
918 2542 1090 2581 oportet,
1116 2534 1223 2582 quod
1257 2533 1289 2569 si
1321 2533 1371 2569 sit
1404 2533 1444 2569 in
1476 2546 1634 2582 genere,
1669 2535 1776 2582 qu‘od
1805 2533 1855 2570 sit

540 2591 765 2628 universale
796 2592 857 2628 vel
890 2591 1105 2639 singulare.
1140 2591 1220 2628 Illis
1254 2591 1373 2638 enim,
1408 2603 1484 2640 que
1516 2599 1608 2628 sunt
1640 2604 1711 2640 per
1742 2604 1783 2628 se
1815 2591 1856 2628 in
1869 2604 1914 2636 40

615 2797 663 2835 13,
692 2797 744 2829 32.
783 2796 945 2827 Tractatu
978 2797 1101 2838 primo.
1137 2797 1188 2828 De
1217 2797 1280 2828 hoc
1308 2802 1473 2836 „tractatu
1499 2797 1635 2839 primo''
1660 2797 1704 2838 cf.
1733 2801 1853 2829 notam

539 2847 700 2875 nostram
728 2843 762 2874 in
778 2842 858 2884 fine
882 2843 1008 2885 capitis
1035 2842 1158 2885 quarti
1182 2843 1284 2875 huius
1310 2842 1480 2885 opusculi.
