2056 3234
202 197 290 225 CAP-
312 198 334 224 I·
538 199 596 230 DE
624 198 746 229 ENTE
774 197 1193 229 PREDICAMENTALI.
1776 200 1796 234 9

203 306 429 343 substancie
468 313 613 351 create,
667 305 736 341 sed
780 305 908 340 solum
956 304 1083 339 forme
1128 302 1380 347 accidentali,
1435 314 1512 350 que

203 366 315 401 adest
348 372 384 399 et
417 364 528 400 abest
563 361 790 399 substancie
824 370 956 410 preter
990 360 1072 397 eius
1107 359 1435 407 corrupeionern3
1476 368 1512 395 et

202 422 278 458 isto
332 422 452 457 modo
504 421 690 456 locuntur
741 418 973 467 philosophi
1025 419 1072 454 de
1125 417 1343 454 accidente.
1400 418 1513 453 Unde

206 479 262 515 5ῖΟ
295 477 584 526 Methaphisice
614 478 683 513 130
717 486 754 514 et
794 481 862 523 140
897 476 1037 513 dividit
1072 475 1338 523 Philosophus
1373 487 1440 511 ens
1472 474 1513 510 in

171 540 272 573 bens
305 538 601 582 seeundum‘se‚
636 544 677 571 ut
700 543 792 571 sunt
815 536 952 571 decem
969 534 1093 581 figure
1116 533 1176 569 vel
1194 532 1511 580 predicamenta,

204 603 240 630 et
274 607 340 630 ens
364 594 584 630 seeundum
608 593 808 639 accidens,
834 591 1060 629 cuiusmodi
1084 599 1174 627 sunt
1197 589 1385 627 veritates
1406 598 1513 626 extra

203 664 338 700 genus.
385 653 514 688 Omne
553 650 660 687 enim
698 662 821 698 genus
861 649 1083 697 principale
1118 657 1175 684 est
1209 649 1513 696 quodammodo

204 722 274 758 per
306 721 346 745 se
387 710 434 745 de
477 709 631 745 intento
670 717 812 744 nature
850 705 1191 755 principalissime
1238 705 1430 751 subiecta,
1478 713 1514 741 et

205 775 497 815 consequenter
563 779 584 813 9
637 765 867 802 aceidencia
929 766 979 801 ad
1040 764 1169 812 ipsam
1223 762 1514 811 perficiendum

152 839 190 859 10
205 824 394 874 positive3
446 824 537 860 ideo
576 824 615 860 in
655 823 765 860 omni
803 835 946 871 genere
991 831 1048 858 est
1086 833 1156 869 per
1194 833 1234 857 se
1270 820 1513 869 predicacio‚

204 883 296 919 licet
328 895 409 918 non
441 894 511 930 per
543 894 583 918 se
617 880 843 927 existenda,
877 889 920 916 ut
949 888 1059 928 patet
1082 878 1214 927 primo
1238 878 1514 915 Posteriorum

205 939 382 988 capitulo
414 943 475 986 40.
531 938 715 985 Quiditas
749 937 854 975 enim
889 937 1107 974 accidentis
1139 949 1210 984 per
1242 949 1282 973 se
1315 936 1517 984 egreditur

205 1011 227 1035 a
259 1010 330 1034 sua
364 1010 496 1043 causa,
542 1006 585 1033 ut
623 996 720 1033 dicit
759 995 1049 1041 Linconiensis,
1103 1002 1140 1030 et
1178 994 1233 1030 sic
1273 993 1515 1030 universalia

205 1055 481 1092 accidencium
521 1054 709 1091 dicuntur
753 1066 823 1102 per
862 1066 902 1090 se
940 1053 1067 1090 eciam
1102 1053 1322 1088 secundum
1369 1051 1447 1088 diei
1480 1060 1517 1087 et

151 1113 375 1160 15eausari‚
419 1126 503 1149 non
541 1121 676 1150 autem
716 1113 937 1148 secundum
977 1111 1154 1156 existere,
1199 1119 1241 1146 ut
1274 1108 1514 1146 substancie.

262 1170 518 1208 Privaciones
569 1183 663 1207 vero
709 1178 745 1206 et
789 1169 1028 1218 negaciones
1080 1176 1172 1205 sunt
1215 1180 1286 1216 per
1330 1166 1515 1204 accidens
1554 1162 1789 1225 flgffissgssdtoaffit

206 1228 356 1265 intente
388 1242 410 1265 a
442 1237 588 1265 natura
620 1228 725 1274 ideo,
772 1240 861 1264 cum
902 1240 984 1263 non
1023 1226 1100 1263 sint
1144 1235 1287 1262 nature
1330 1224 1513 1273 positive,
1559 1232 1684 1259 exclude
1704 1232 1778 1259 each

205 1286 306 1323 sicut
339 1295 500 1335 oportet
533 1299 652 1323 omne
684 1298 807 1334 genus
841 1297 943 1331 esse3
977 1292 1100 1332 patet,
1135 1285 1242 1332 quod
1274 1296 1356 1319 non
1382 1295 1452 1331 per
1475 1295 1515 1318 se
1540 1267 1799 1329 ῑῃξξξξῖζξῗῖῐῃο

205 1344 454 1381 constituunt
485 1357 620 1392 genus,
666 1356 738 1380 nec
784 1356 855 1392 per
899 1355 938 1379 se
979 1342 1236 1379 continentur
1274 1341 1315 1377 in
1353 1337 1799 1406 genese3pi¹ens3enti¹a5utb11ere

1591 1405 1650 1433 and
1673 1410 1751 1441 past.

275 1487 302 1515 7.
327 1479 419 1506 Cod
418 1488 423 1493 ·
445 1478 527 1506 enim
547 1486 643 1513 genus
664 1486 760 1519 genu?
782 1477 962 1513 principale.

277 1563 306 1595 3.
336 1563 391 1599 Cf.
418 1562 560 1593 Aristot.
586 1562 666 1593 Met.
686 1561 730 1592 IV
747 1561 801 1602 [V]
823 1571 859 1603 7;
892 1571 901 1592 1
934 1567 967 1592 et
991 1571 1014 1601 4
1040 1560 1120 1601 (Ed.
1141 1560 1248 1590 Paris
1275 1560 1356 1597 520,
1378 1560 1426 1589 44
1445 1559 1517 1599 ss.).

209 1605 262 1640 Τὸ
290 1604 331 1640 ὂν
355 1606 492 1648 λέγεται
517 1604 557 1639 τὸ
583 1605 648 1648 μὲν
672 1605 763 1638 κατὰ
791 1604 1024 1649 συμβεβηκός,
1051 1602 1091 1638 τὸ
1119 1603 1158 1637 δὲ
1183 1604 1268 1637 καθ’
1288 1601 1395 1636 αὑτό·
1427 1602 1518 1636 κατὰ

206 1651 428 1697 συμβεβηκὸς
445 1652 520 1696 μεν,
546 1649 625 1685 οἷον
642 1650 706 1685 τὸν
731 1651 872 1684 δίκαιον
897 1649 1071 1705 μουσικὸν
1097 1645 1190 1684 εἷναί
1213 1661 1344 1693 φαμεν,
1371 1648 1431 1682 καὶ
1456 1647 1520 1682 τὸν

205 1699 406 1743 ἄνθρωπον
436 1697 609 1742 μουσικὸν
640 1697 698 1731 καὶ
729 1696 793 1730 τὸν
824 1695 997 1741 μουσικὸν
1022 1697 1235 1751 ἄνθρωπον,
1260 1695 1520 1739 παραπλησίως

204 1745 365 1787 λέγοντες
391 1744 511 1788 ὥσπερ
537 1745 600 1778 τὸν
621 1745 795 1800 μουσικὸν
817 1742 1032 1787 οἰκοδομεῖν,
1060 1740 1116 1776 ὅτι
1139 1742 1337 1786 συμβέβηκε
1355 1745 1403 1786 τῷ
1424 1741 1518 1775 οἰκο-

205 1790 304 1836 δόμῳ
331 1795 489 1835 μουσικῷ
519 1786 620 1829 εἶναι
647 1788 668 1833 ἢ
694 1794 743 1835 τῷ
771 1794 929 1834 μουσικῷ
957 1788 1155 1833 οἰκοδόμῳ·
1182 1789 1221 1822 τὸ
1239 1787 1306 1832 γὰρ
1324 1787 1407 1821 τόδε
1426 1783 1517 1821 εἶναι

205 1836 287 1870 τόδε
314 1837 479 1880 σημαίνει
503 1838 542 1870 τὸ
570 1837 831 1881 συμβεβηκέναι
856 1836 949 1891 τῷδε
974 1835 1057 1869 τόδε
1076 1860 1219 1868 ......
1245 1835 1345 1867 Καθ’
1361 1833 1454 1867 αὐτὰ
1480 1834 1519 1867 δὲ

206 1879 299 1917 εἶναι
333 1883 468 1926 λέγεται
508 1880 643 1926 ὅσαπερ
687 1882 853 1926 σημαίνει
893 1894 936 1914 τα
966 1881 1141 1930 σχήματα
1181 1885 1246 1924 τῆς
1273 1880 1518 1936 κατηγορίας·

206 1928 347 1974 ὁσαχῶς
363 1930 429 1973 γὰρ
447 1928 596 1971 λεγεται,
622 1932 855 1985 τοσαυταχῶς
879 1926 919 1961 τὸ
947 1929 1039 1961 εἰναι
1057 1939 1168 1982 σημαι
1170 1938 1238 1960 νει·
1267 1924 1344 1960 ἐπεὶ
1364 1930 1430 1959 οὐν
1447 1930 1521 1959 τῶν

206 1975 531 2019 κατηγορουμένων
556 1974 599 2008 τα
624 1975 690 2018 μὲν
720 1975 755 2008 τί
784 1973 859 2008 ἐστι
890 1974 1067 2030 σημαίνει,
1104 1973 1148 2006 τα
1185 1972 1225 2006 δὲ
1256 1971 1374 2015 ποιόν,
1405 1972 1449 2005 τὰ
1481 1972 1520 2006 δὲ

207 2020 343 2077 ποσόν,
360 2020 404 2054 τὰ
429 2021 468 2054 δὲ
494 2020 586 2077 προς
611 2033 655 2064 τι,
681 2033 724 2053 τα
750 2021 789 2054 δὲ
815 2023 934 2054 ποιεῖν
958 2018 979 2063 ἢ
1006 2020 1165 2075 πάσχειν,
1192 2018 1236 2052 τὰ
1253 2018 1292 2052 δὲ
1311 2022 1393 2061 ποῦ,
1419 2031 1463 2051 τα
1481 2018 1520 2051 δὲ

205 2068 304 2111 ποτέ,
330 2065 467 2112 ἑκάστῳ
494 2067 635 2100 τούτων
659 2068 698 2100 τὸ
727 2079 818 2100 ειναι
843 2065 954 2099 ταύτὸ
981 2066 1156 2110 σημαίνει.
1264 2077 1314 2099 10.
1343 2067 1394 2108 Cf.
1417 2067 1519 2098 Arist.

206 2116 343 2158 Analyt.
370 2122 457 2157 post.
484 2115 495 2146 I
521 2125 553 2155 4,
579 2125 601 2155 4
628 2115 710 2156 (Ed.
737 2116 823 2146 Far
852 2115 870 2146 Ι
890 2116 1039 2152 125,10
1064 2114 1134 2155 ss.).
1167 2111 1267 2144 Καθ’
1285 2110 1378 2144 αὐτα
1402 2110 1433 2143 δ’
1453 2108 1521 2143 όσα

205 2159 355 2204 ὑπαρχει
392 2171 429 2192 τε
459 2157 498 2192 ἐν
529 2163 578 2204 τῷ
612 2159 648 2192 τί
677 2157 784 2202 ἐστιν,
816 2155 894 2192 οἷον
924 2158 1085 2213 τριγώνῳ
1117 2156 1260 2213 γραμμὴ
1293 2170 1353 2190 και
1376 2169 1519 2214 γραμμη

207 2206 332 2250 στνγμή
359 2204 395 2249 (ἡ
423 2204 490 2261 γὰρ
517 2204 623 2238 οὐσία
648 2205 772 2238 αὐτῶν
796 2203 835 2238 ἐκ
860 2205 1002 2238 τούτων
1027 2202 1104 2237 ἐστί
1126 2216 1185 2236 και
1211 2201 1250 2236 ἐν
1274 2207 1323 2248 τῷ
1350 2202 1442 2260 λόγω
1469 2207 1518 2248 τῷ

206 2252 342 2295 λέγοντι
366 2251 401 2284 τί
424 2249 521 2284 ἐστιν
546 2249 748 2308 ἐνυπάρχει)
775 2250 834 2284 καὶ
861 2248 961 2289 ὅσοις
986 2254 1060 2283 τῶν
1090 2247 1366 2293 ἐνυπαρχόντων
1397 2248 1521 2288 αὐτοῖς

207 2297 299 2331 αὐτα
323 2296 362 2331 ἐν
387 2302 435 2342 τῷ
463 2297 554 2341 λόγῳ
589 2295 829 2341 ἐνυπάρχουσι
860 2301 908 2341 τῷ
943 2296 978 2329 τί
1007 2294 1081 2329 ἐστι
1111 2295 1288 2339 δηλοῦντι.
1324 2297 1376 2340 Cf.
1410 2299 1519 2329 etiam

207 2346 358 2378 eiusdem
387 2345 516 2387 capitis
542 2346 727 2377 sectionem
756 2345 991 2377 undecitnam.
1105 2353 1153 2384 14.
1183 2345 1236 2386 Cf.
1263 2344 1520 2375 Commentaria

192 2392 346 2423 -Roberti
368 2391 608 2423 Linconiensis
635 2392 668 2422 in
694 2391 801 2422 libros
820 2391 1057 2422 Posteriorum
1076 2390 1282 2422 Aristotelis.
1310 2389 1399 2420 Curn
1425 2396 1520 2420 textu

208 2438 359 2469 seriatim
393 2438 531 2469 inserto.
557 2438 712 2468 Venetiis
750 2447 845 2480 1494,
880 2437 965 2478 Cap.
996 2447 1019 2477 4
1057 2434 1097 2476 (f,
1127 2437 1186 2476 4).·
1226 2436 1372 2468 D1'cz'tur
1410 2436 1518 2468 etiam

203 2494 272 2525 per
295 2494 331 2516 se
357 2493 442 2523 esse,
469 2483 562 2526 quod
583 2493 651 2525 per
676 2483 868 2515 subiectum
898 2493 965 2515 non
993 2487 1061 2520 est;
1094 2486 1128 2514 et
1159 2483 1208 2514 sic
1239 2482 1372 2513 dicitur
1407 2481 1520 2513 omnis

209 2531 412 2562 substancia
439 2535 472 2561 et
498 2530 575 2561 sola
604 2539 672 2571 per·
704 2539 740 2561 se
772 2539 860 2569 esse3
896 2533 947 2561 est
979 2533 1098 2560 autem
1125 2537 1195 2570 per
1225 2538 1259 2560 se
1292 2528 1443 2559 alterum
1478 2527 1521 2560 de

209 2577 321 2608 altero
347 2581 381 2608 et
406 2576 535 2608 dicitur
553 2585 624 2617 per·
648 2585 684 2608 se
709 2576 861 2608 alterum
889 2575 932 2608 de
958 2576 1086 2613 altero,
1121 2585 1198 2606 cum
1232 2574 1387 2617 quiditas
1420 2574 1521 2606 unius

209 2621 452 2654 essencialiter
476 2626 509 2653 et
534 2632 601 2653 non
623 2631 692 2663 per
718 2622 884 2654 accidens
910 2632 931 2654 a
959 2621 1134 2663 quiditate
1153 2620 1303 2652 alterius
1322 2620 1520 2663 egreditur.

212 2668 253 2700 Id
284 2673 414 2708 autem,
448 2668 544 2699 cuius
578 2667 733 2710 quiditas
765 2668 1006 2700 essem-inlita-
1038 2671 1072 2699 et
1104 2677 1172 2699 non
1202 2677 1270 2708 per
1304 2666 1466 2698 accidens
1498 2676 1521 2698 a

211 2713 384 2756 quiditate
402 2714 548 2746 alterius
567 2714 765 2757 egreditur,
785 2723 857 2746 esse
874 2724 974 2746 suum
993 2713 1098 2745 habet
1116 2713 1159 2744 ab
1177 2722 1225 2748 eov
1256 2722 1276 2744 a
1296 2722 1374 2754 quo
1401 2722 1521 2755 egre-

210 2759 330 2791 ditur
360 2761 472 2792 sicut
503 2769 526 2791 a
558 2769 635 2791 sua
667 2770 819 2801 causa,
859 2760 913 2792 vel
944 2759 1127 2800 efficiente,
1160 2759 1211 2790 vel
1244 2758 1438 2798 materiali,
1471 2758 1522 2790 vel

202 2806 369 2852 formali,
396 2806 452 2838 vel
466 2806 585 2848 finali.
