2056 3234
212 185 433 221 Quaest.V111.
496 187 725 227 Quaestiones
750 187 884 228 logicae
911 192 943 217 et
970 185 1242 227 philosophicae.
1725 178 1798 213 281

211 293 442 330 humanitus
475 301 531 329 est
563 294 709 340 gradus
742 291 896 328 essendi
929 290 1154 328 essencialis
1176 290 1322 339 speciei
1346 292 1518 328 humane

210 351 381 388 racionis
414 350 586 387 hominis
626 359 664 386 et
702 349 756 386 ita
788 351 835 386 de
868 349 973 396 aliis3
1012 350 1080 385 sed
1112 349 1234 386 nichil
1271 357 1401 397 potest
1431 361 1519 397 pre-

210 410 351 446 cedere
384 421 500 445 suum
533 409 700 456 gradum
734 407 1004 452 esseneialem,
1038 415 1081 443 ut
1111 415 1253 443 notum
1286 415 1361 452 est;
1400 406 1520 455 igitur

209 467 363 503 nullum
397 475 572 514 tempus;
614 474 650 502 et
688 477 759 513 per
797 477 1046 513 consequens
1084 476 1156 501 nec
1195 465 1366 500 mundus
1399 464 1520 501 sensi-

177 524 298 561 5bilis
329 523 460 572 potuit
492 536 575 560 esse
612 523 722 571 prius
754 522 1041 571 temporaliter,
1076 535 1196 570 quam
1231 523 1278 558 de
1310 531 1401 559 actu
1433 522 1518 558 fuit.

215 582 337 630 Igitur
370 590 440 618 etc.

268 642 316 676 Et
349 639 412 675 hic
443 647 576 686 posset
609 651 692 675 esse
726 637 932 686 responsio
965 638 1015 675 ad
1039 637 1266 686 questiones
1297 637 1519 673 infidelium
1564 643 1633 683 qu
1655 645 1706 672 did
1729 649 1783 671 not

208 698 270 734 vel
314 697 619 743 illiberatorum,
665 705 707 732 ut
751 708 874 744 quare
918 698 1024 732 Deus
1068 695 1124 732 ita
1167 695 1235 731 diu
1282 695 1520 743 exspectavit
1542 683 1800 748 Ῑᾚέιξνζᾝὲἷθῗζξ,

210 768 300 791 cum
344 754 616 803 produccione
662 754 813 790 mundi.
869 756 980 800 Item,
1026 766 1150 802 quare
1194 766 1275 789 non
1319 753 1386 789 diu
1430 763 1520 789 ante
1554 748 1794 811 ἒὲῃξῐέὲξζδξοῑῐξ

157 827 194 847 10
211 812 358 849 creavit
396 813 605 859 mundum,
645 812 827 861 quamvis
866 811 1077 858 diceretur,
1123 811 1216 860 quia
1260 810 1409 859 placuit
1447 811 1520 847 sibi
1586 817 1616 846 in
1637 818 1766 881 eternitg

209 870 278 917 sic,
312 879 350 907 et
381 870 436 906 sic
468 869 605 917 voluit,
639 879 677 906 et
710 869 792 906 eius
823 870 1006 906 voluntas
1039 882 1129 906 cum
1162 882 1243 905 non
1281 868 1405 916 possit
1438 881 1521 905 esse
1564 853 1781 925 Ἕξΐξνξῗῐῗῃὲῗ

209 927 284 964 nisi
317 927 690 973 racionabilissima,
725 940 818 975 ergo
851 928 960 975 quod
992 926 1047 964 sic
1079 927 1171 963 fecit
1192 926 1405 972 sufficiens,
1429 926 1520 963 ideo

210 987 318 1034 quod
355 986 410 1022 sic
448 986 584 1023 voluit.
635 985 761 1022 Aliter
799 984 956 1031 dicitur,
996 986 1103 1034 quod
1140 993 1231 1021 ante
1270 984 1519 1021 creacionem

211 1043 350 1079 mundi
387 1043 584 1080 sensibilis
624 1044 753 1080 solum
791 1051 875 1080 erat
913 1043 1102 1080 eternitas
1140 1042 1319 1091 simplex,
1363 1042 1404 1078 in
1442 1056 1522 1091 qua

157 1105 290 1137 15non
322 1110 478 1149 poterat
511 1113 593 1137 esse
626 1100 874 1149 exspectacio
905 1101 1026 1149 longa
1056 1101 1118 1137 vel
1149 1100 1291 1146 brevis,
1324 1100 1426 1137 sicut
1448 1113 1520 1137 nec

210 1172 428 1205 successus,
463 1172 553 1195 cum
585 1159 681 1196 talia
714 1158 852 1195 dicunt
884 1158 1226 1206 composicionem
1259 1170 1302 1194 ex
1325 1158 1518 1206 partibus,

210 1229 287 1265 que
331 1217 371 1252 in
414 1218 498 1253 sola
543 1216 751 1253 eternitate
794 1216 966 1265 simplici
1010 1217 1141 1253 locum
1182 1229 1262 1253 non
1301 1217 1438 1262 habet;
1484 1225 1521 1252 et

210 1274 305 1323 quia
336 1277 509 1311 mundus
541 1274 736 1311 sensibilis
768 1287 850 1311 non
882 1274 1012 1322 potuit
1036 1274 1161 1311 creari
1189 1273 1298 1323 prius
1320 1282 1521 1322 tempora-

210 1332 313 1378 liter,
351 1332 473 1380 igitur
505 1334 625 1379 Deus,
658 1333 774 1369 dator
804 1333 1025 1369 formarum
1063 1332 1386 1381 promptissimus
1419 1332 1520 1369 sicut

152 1403 194 1424 20
210 1390 439 1426 celerrimus
479 1387 657 1442 [potuit],
696 1391 892 1426 mundum
925 1389 1073 1427 creavit
1103 1390 1188 1426 sine
1221 1390 1520 1438 exspectacione

209 1449 328 1495 longa
358 1449 420 1484 vel
451 1448 571 1485 brevi.

268 1507 386 1551 Quod
417 1505 450 1542 si
472 1505 627 1542 dicatur
649 1507 832 1542 doctores
854 1517 1015 1553 ponere,
1049 1506 1157 1554 quod
1179 1507 1284 1542 Deus
1307 1506 1355 1541 ab
1384 1514 1519 1542 eterno

210 1565 404 1599 mundum
426 1565 664 1611 produceret
685 1564 746 1600 vel
768 1572 858 1599 ante
881 1563 988 1599 mille
1011 1563 1136 1600 millia
1158 1576 1369 1609 annorum,
1392 1563 1518 1600 eciam

210 1621 356 1657 dicitur
378 1621 549 1658 breviter
573 1622 724 1670 [quod],
757 1623 976 1657 secundum
999 1622 1178 1669 regulam
1201 1621 1305 1658 beati
1328 1621 1519 1668 Anselmi,

153 1681 193 1713 25
210 1680 318 1727 quod
350 1679 480 1726 potuit
511 1680 583 1715 sub
617 1678 851 1716 condicione
884 1678 963 1725 illa,
1003 1679 1154 1715 scilicet
1184 1679 1327 1725 voluit3
1365 1679 1406 1715 in
1445 1680 1519 1716 hoc

211 1736 316 1773 enim
349 1745 426 1773 stat
459 1737 542 1773 eius
574 1736 884 1785 omnipotencia,
925 1738 1032 1785 quod
1070 1736 1102 1773 si
1139 1737 1205 1773 wlt
1236 1737 1388 1785 aliquid
1420 1737 1519 1784 fieri,

210 1802 304 1830 tunc
336 1794 431 1831 facit
462 1794 573 1833 illud.

269 1853 513 1888 CONCLUSIO
540 1858 717 1887 ULTIMA:
752 1852 861 1889 Licet
894 1854 999 1888 Deus
1030 1865 1111 1888 non
1142 1852 1267 1900 possit
1298 1853 1520 1900 producere
1639 1860 1718 1900 Last-

212 1910 407 1945 rnundum
430 1909 659 1946 sensibilem
682 1909 723 1945 in
747 1910 974 1956 existencia,
997 1909 1073 1946 nisi
1095 1909 1180 1958 ipse
1203 1918 1373 1957 creetur,
1390 1918 1520 1958 potest
1574 1894 1774 1959 ἓοέἕιὲἒῇἳὲ·

155 1972 196 2004 30
211 1975 346 2003 tamen
378 1967 510 2015 ipsum
543 1969 765 2015 producere
802 1967 843 2003 in
882 1967 1094 2004 existencia
1126 1967 1210 2004 sine
1243 1968 1325 2004 eius
1365 1967 1521 2016 passiva
1549 1965 1799 2028 Wzsr‘ffiuvfleitffffit

211 2024 431 2061 creacione.
465 2024 600 2061 Prima
631 2037 723 2073 pars
755 2034 864 2073 patet
896 2037 940 2061 ex
972 2025 1153 2073 superius
1186 2025 1313 2071 dictis,
1347 2027 1520 2062 secunda
1581 2034 1620 2061 its
1642 2036 1763 2074 passive

209 2095 301 2130 pars
317 2082 510 2130 arguitur,
527 2082 622 2131 quia
637 2085 743 2119 Deus
757 2082 866 2131 prius
881 2083 1067 2131 producit
1082 2084 1277 2119 mundum
1293 2083 1518 2119 sensibilem
1597 2075 1745 2098 creanon.

210 2139 251 2175 in
283 2140 552 2187 existenciam,
587 2153 708 2188 quam
742 2140 824 2189 ipse
858 2149 1031 2187 creetur3
1064 2140 1184 2188 igitur
1212 2154 1284 2188 pro
1306 2140 1374 2177 illo
1396 2140 1520 2189 priori

211 2200 317 2234 Deus
348 2198 534 2246 producit
567 2199 762 2234 mundum
806 2198 888 2234 sine
928 2198 1134 2235 creacione
1173 2198 1329 2246 passiva
1368 2198 1519 2244 mundi,

154 2258 193 2291 35
211 2268 301 2291 cum
333 2268 414 2292 non
436 2255 485 2292 sit
508 2255 662 2292 creacio
686 2256 824 2292 mundi
847 2256 1004 2304 passiva
1031 2269 1104 2304 pro
1126 2256 1193 2292 illo
1225 2255 1367 2304 priori,
1400 2255 1521 2304 igitur

64 2315 316 2359 F.196‘Deus
355 2321 485 2361 potest
523 2314 745 2362 producere
784 2315 977 2350 mundum
1018 2314 1102 2350 sine
1141 2314 1225 2350 eius
1259 2313 1477 2352 creacione.
1514 2310 1517 2366 l

279 2453 325 2473 20.
347 2447 446 2481 potuit
466 2447 549 2482 quod
566 2446 733 2482 superfluit
749 2448 835 2475 uncis
853 2448 975 2475 seclusi.

282 2539 335 2569 24.
380 2530 432 2573 Cf.
474 2530 631 2561 Anselmi
675 2530 933 2562 Cantuariensis
975 2531 1143 2573 Proslog.‚
1187 2542 1215 2563 c.
1252 2532 1346 2563 XXV
1383 2532 1520 2575 (Migne

213 2575 369 2608 CLVIII
397 2577 506 2617 240).·
628 2576 733 2614 Nam,
766 2577 855 2609 sicut
880 2577 1019 2617 poterit
1048 2578 1158 2615 Deus,
1191 2578 1285 2620 quod
1316 2578 1420 2618 volet,
1452 2589 1520 2620 per

209 2621 374 2663 seipsum,
401 2622 451 2653 ita
470 2626 645 2663 poterunt
669 2622 730 2661 illi,
757 2623 850 2665 quod
876 2623 1003 2663 volent,
1024 2634 1095 2664 per
1120 2623 1230 2655 illum.
