2056 3234
217 182 341 216 Quaest.
364 181 443 209 XIII·
497 183 727 221 Quaestiones
753 181 885 223 logicae
911 187 944 212 et
969 179 1243 222 philosophicae.
1730 172 1802 207 303

216 288 304 324 ciali
328 287 513 333 naturali,
548 300 620 323 nec
649 285 837 322 iniciatur
860 299 881 322 a
905 285 1088 334 potencia
1113 285 1319 321 essenciali
1349 284 1521 320 naturali

216 346 392 381 eiusdem
441 357 558 381 cause
602 345 787 380 secunde.
835 346 947 380 Patet
986 345 1033 379 de
1072 342 1318 379 beatitudine
1363 342 1521 378 formali

215 403 575 450 intelligenciarum
615 401 952 449 supradictarum,
999 413 1075 449 que
1109 409 1165 436 est
1198 400 1295 436 visio
1330 399 1521 447 pulcritu:

217 460 318 496 dinis
370 460 512 505 divine,
566 472 641 508 que
685 459 783 496 visio
828 459 914 506 plus
960 459 1077 494 habet
1121 457 1326 504 claritatis,
1371 456 1520 505 gaudii,

184 523 200 556 5
216 517 510 563 delectacionis,
528 516 765 562 securitatis,
782 515 1075 564 perpetuitatis,
1088 528 1208 564 quam
1225 523 1331 551 totus
1349 515 1520 550 mundus

215 584 347 624 posset
380 575 579 611 estimare.

273 635 572 669 CORROLARIUM
599 637 840 666 sECUNbUM:
878 633 967 667 Non
995 631 1192 679 sequitur:
1229 629 1304 666 ista
1340 628 1521 677 cognicio

216 700 272 727 est
294 689 516 726 formaliter
537 689 577 725 in
600 690 674 725 hac
707 701 826 725 causa
859 690 1053 734 secunda;
1086 688 1208 736 igitur
1240 687 1314 723 ista
1347 688 1522 723 secunda

215 760 335 784 causa
366 747 584 783 subiective
618 755 755 783 causat
789 748 970 782 eandem.
1005 748 1117 782 Patet
1149 754 1191 781 ut
1224 757 1358 792 supra.

164 822 201 843 10
273 807 573 842 CORRoLARIUM
612 810 809 838 TERCtUM:
856 804 1001 852 Aliqua
1042 812 1097 839 cst
1142 802 1340 851 perfeccio
1386 800 1521 849 cogni-

216 863 341 899 cionis
373 862 414 897 in
446 875 565 899 causa
598 863 786 907 secunda,
827 861 867 897 in
906 874 984 909 qua
1023 870 1159 897 tamen
1199 873 1318 896 causa
1358 872 1431 895 nec
1465 868 1521 895 est

216 920 471 968 principium,
494 932 566 955 nec
586 928 644 956 est
660 919 824 955 inicium
840 919 1023 955 naturale
1038 931 1110 955 nec
1135 918 1311 954 medium
1337 917 1521 953 naturale

217 980 266 1014 ad
291 979 458 1014 eandem
483 977 774 1025 cognicionem.
808 978 921 1013 Patet
945 977 991 1012 de
1015 975 1178 1012 amabili
1200 975 1352 1012 visione
1375 974 1519 1011 intelli-

216 1036 444 1085 genciarum
479 1048 599 1083 supra
631 1034 749 1074 dicta,

164 1099 200 1131 15
276 1095 519 1130 CONCLIJSIO
552 1099 719 1126 TERCIA:
759 1091 905 1140 Aliqua
948 1091 1147 1139 perfeccio
1192 1088 1435 1138 cognicionis
1482 1089 1810 1125 inII[.Conclusion.

217 1163 336 1188 causa
368 1151 542 1186 secunda
566 1163 586 1186 a
610 1162 729 1186 causa
752 1148 926 1185 naturali
948 1149 1125 1185 eiusdem
1150 1161 1266 1184 cause
1290 1148 1377 1195 plus
1401 1159 1521 1195 quam

217 1223 238 1246 a
263 1208 395 1244 medio
420 1207 684 1256 cognoscendi
717 1207 756 1242 in
790 1206 969 1243 existenti
1002 1206 1059 1242 illi
1094 1218 1177 1242 esse
1201 1215 1258 1242 est
1288 1205 1523 1253 accipienda

216 1280 286 1315 per
319 1267 483 1302 modum
518 1264 669 1301 causati
700 1265 760 1301 vel
794 1264 888 1301 dati.
936 1266 1146 1310 Probatur,
1186 1263 1280 1312 quia
1321 1262 1518 1311 perfeccio

217 1323 462 1372 cognicionis
494 1322 688 1359 naturalis
732 1322 773 1358 in
811 1334 929 1358 causa
971 1323 1159 1367 secunda,
1205 1334 1325 1369 quam
1370 1320 1521 1368 perfec-

160 1397 201 1419 20
217 1382 371 1418 cionem
406 1380 632 1429 principiat‚
676 1388 712 1416 et
744 1379 931 1428 potencia
968 1379 1162 1416 naturalis
1196 1388 1232 1415 et
1272 1378 1428 1414 habitus
1460 1378 1520 1414 vel

217 1439 368 1488 species
406 1451 475 1474 seu
519 1438 651 1486 passio
684 1437 861 1474 eiusdem
896 1450 1013 1473 cause
1045 1437 1112 1473 illa
1146 1437 1234 1485 plus
1267 1449 1289 1472 a
1324 1435 1521 1484 potencia,

218 1510 339 1545 quam
354 1498 416 1532 -ab
439 1496 507 1532 illo
531 1495 669 1532 habitu
700 1496 761 1531 vel
793 1496 840 1531 ab
868 1495 936 1531 illa
958 1495 1091 1543 specie
1113 1494 1153 1530 in
1175 1494 1244 1530 tali
1266 1494 1327 1530 vel
1349 1492 1524 1530 sensibili

219 1564 276 1591 est
308 1554 543 1602 accipienda
565 1566 635 1601 per
659 1554 824 1589 modum
849 1552 945 1599 dati,
974 1565 1064 1589 cum
1087 1551 1275 1600 potencia
1298 1550 1524 1588 essencialis

217 1612 411 1649 naturalis
433 1611 483 1648 sit
505 1611 606 1647 sicut
628 1610 871 1659 principium
896 1610 1071 1658 primum
1094 1609 1361 1646 substanciale
1384 1608 1525 1644 intrin-

161 1676 201 1708 25
217 1683 365 1715 secum,
385 1678 422 1705 et
446 1669 603 1705 habitus
618 1669 677 1705 vel
696 1668 828 1716 passio
852 1668 953 1705 sicut
975 1667 1258 1704 secundarium
1282 1675 1319 1703 et
1342 1666 1525 1703 acciden-

216 1729 295 1764 tale
327 1736 510 1775 respectu
541 1726 646 1762 illius
678 1725 953 1774 perfeccionis.
988 1725 1110 1773 Igitur
1142 1734 1215 1761 etc.

275 1787 575 1822 CORROLARIUM
606 1790 762 1818 PRIMUM
795 1785 845 1820 ad
878 1784 987 1820 illam
1016 1783 1288 1831 questionem:
1322 1780 1524 1818 Perfeccio

217 1843 307 1880 talis
347 1841 592 1891 cognicionis
631 1854 653 1878 a
692 1841 878 1889 potencia
915 1841 985 1877 tali
1024 1842 1112 1889 plus
1158 1853 1279 1889 quam
1325 1852 1346 1875 a
1392 1839 1524 1875 medio

217 1901 286 1937 tali
318 1901 397 1937 iam
432 1900 538 1936 dicto
572 1908 628 1936 est
662 1899 856 1947 capienda
890 1898 1219 1935 intencionaliterr
1243 1910 1314 1945 per
1347 1897 1523 1933 medium

161 1966 204 1997 30
219 1958 393 1995 estimati
426 1967 462 1994 et
497 1957 661 1994 causati.
696 1958 821 2002 Patet,
857 1956 961 2005 quia,
997 1969 1077 2004 quo
1101 1957 1188 2004 plus
1212 1963 1302 1991 sunt
1325 1954 1523 2002 principia

218 2016 372 2053 essendi
396 2015 568 2061 realiter,
598 2015 686 2063 plus
709 2014 906 2062 principia
928 2014 1144 2050 intrinseca
1169 2012 1408 2050 naturaliter
1430 2025 1524 2060 pen-

217 2074 331 2110 sandi
365 2083 401 2110 et
434 2071 659 2110 estimandi.

276 2133 592 2167 CORROLARIUM:
625 2132 713 2166 Non
736 2129 932 2177 sequitur:
966 2128 1345 2177 proporcionaliter,
1377 2136 1420 2163 ut
1443 2140 1526 2163 am-

219 2189 323 2237 plior
360 2189 421 2225 vel
459 2188 602 2224 melior
642 2196 699 2223 est
732 2186 918 2235 potencia
959 2186 1239 2234 cognoscendi,
1286 2185 1450 2233 propria
1489 2194 1525 2221 et

163 2246 440 2294 351·cspectiva
463 2245 661 2294 perfeccio
695 2244 940 2292 cognicionis
974 2253 1030 2280 est
1064 2257 1108 2281 ea
1141 2243 1269 2280 maior
1291 2243 1352 2279 vel
1380 2242 1524 2292 minor,

192 2347 195 2350 ἱ
220 2313 257 2341 et
289 2304 344 2340 sic
376 2317 457 2341 non
483 2312 539 2340 est
563 2305 610 2339 de
633 2302 818 2350 potencia
840 2301 1013 2338 naturali
1037 2300 1306 2350 cognoscendi
1329 2301 1524 2336 absoluta.

220 2361 343 2410 Igitur
387 2361 586 2410 perfeccio
640 2359 889 2408 cognicionis
934 2360 1021 2407 plus
1067 2368 1123 2396 est
1176 2358 1411 2406 accipienda
1456 2370 1526 2405 per

221 2419 397 2456 medium
432 2418 604 2455 estimati
647 2431 667 2454 a
702 2417 888 2465 potencia
928 2416 1092 2465 propria
1130 2415 1364 2464 respectiva,
1404 2428 1525 2463 quam

220 2490 242 2513 a
274 2477 458 2525 potencia
491 2475 695 2513 essenciali
729 2475 923 2511 absoluta.
964 2476 1076 2511 Patet
1109 2486 1153 2510 ex
1185 2473 1405 2510 corrolario
1438 2485 1526 2521 pre-

160 2550 205 2580 40
221 2534 397 2581 cedenti3
445 2543 481 2570 et
521 2532 781 2570 consimiliter
821 2541 877 2568 est
915 2532 1175 2568 iudicandum
1216 2532 1263 2567 de
1297 2530 1435 2567 habitu
1466 2530 1527 2566 vel

221 2594 270 2628 de
303 2591 434 2640 specie
467 2590 733 2639 cognoscendi
757 2599 941 2638 respectu
964 2589 1149 2637 potencie
1172 2588 1364 2625 naturalis
1398 2600 1527 2624 essen-

221 2649 345 2696 cialis‚
385 2649 486 2686 sicut
523 2649 604 2685 iam
637 2648 787 2684 dictum
828 2656 887 2684 est
927 2647 967 2683 in
1006 2646 1226 2683 corrolario
1260 2647 1307 2681 de
1340 2645 1526 2694 potencia

221 2707 384 2755 propria
417 2706 636 2755 respectiva
669 2714 852 2753 respectu
875 2704 1059 2752 potencie
1084 2702 1309 2740 essencialis
1332 2703 1525 2739 absolute.

224 2767 349 2811 Unde,
394 2764 575 2813 quamvis
614 2765 662 2799 ad
708 2763 1001 2811 perfeccionem
1048 2760 1295 2809 cognicionis
1340 2760 1526 2808 potencia
