2056 3234
209 184 256 219 50

936 186 1161 218 JOHANNIS
1187 186 1355 218 WICLIF
1645 182 1734 209 CAP.
1756 182 1807 209 VI.

493 301 535 328 ut
582 292 766 329 accidens
814 291 1054 329 substancie.
1108 291 1394 337 Confirmatur,
1441 293 1549 340 quod
1594 292 1715 327 homo
1759 290 1810 327 sit

493 359 666 398 quantus
715 360 772 387 est
818 350 975 396 veritas,
1031 362 1334 397 presupponens
1383 350 1587 386 hominem
1638 361 1721 384 esse
1770 357 1807 384 et

492 417 633 455 potens
657 409 792 445 deesse
815 409 863 444 ab
889 407 1065 453 homine,
1100 407 1186 455 ipso
1220 417 1493 454 permanente,
1523 405 1526 459 Ι
1557 419 1649 454 ergo
1673 406 1811 443 distin·
1827 409 1864 440 F.
1882 419 1942 440 201

493 465 628 512 guitur
660 468 708 503 ab
743 466 917 511 homine,
953 475 990 502 et
1014 474 1166 501 certum
1193 474 1262 510 est,
1298 467 1406 514 quod
1430 465 1519 502 talis
1542 464 1686 501 veritas
1709 464 1811 501 inest

494 523 645 559 homini
679 523 992 569 accidentaliter,
1039 535 1132 571 ergo
1167 532 1223 559 est
1256 523 1441 559 accidens
1475 522 1641 569 homini,
1691 532 1727 559 et
1761 524 1844 559 ad5

493 581 616 617 nichil
655 582 925 629 pertinencius
960 581 1188 627 deserviret,
1224 594 1345 629 quam
1380 583 1429 617 ad
1463 581 1809 630 quantificandum

494 640 712 686 hominem,
761 652 851 675 cum
897 639 983 687 ipsa
1017 638 1146 686 posita
1181 648 1238 675 est
1271 640 1392 675 homo
1438 639 1493 675 sic
1537 647 1724 687 quantus,
1774 647 1811 674 et

492 696 579 744 ipsa
612 698 744 733 ablata
779 697 924 733 desinit
957 709 1040 733 esse
1073 697 1127 733 sic
1161 705 1354 745 quantus;
1409 709 1501 745 ergo
1546 696 1635 733 talis
1667 696 1811 732 veritas

495 763 552 791 est
585 755 782 800 accidens,
817 768 896 803 quo
931 754 1155 791 subiectum
1191 763 1247 790 est
1280 754 1502 791 formaliter
1545 763 1582 790 et
1627 753 1811 790 acciden—

493 812 625 849 taliter
648 822 865 861 quantum3
890 821 926 849 et
949 813 1027 849 tale
1051 812 1290 848 describitur
1313 824 1397 848 esse
1421 812 1623 861 quantitas
1648 811 1811 848 distinc-
1833 825 1870 845 10

494 879 552 915 ως
588 883 682 918 ergo
716 880 773 907 est
806 873 899 907 dare
937 870 1166 912 huiusmodi
1211 870 1491 918 quantitatem.
1540 873 1587 906 Et
1622 869 1684 906 hic
1718 882 1811 906 con-

495 928 639 975 sidero,
686 928 879 977 quoniam
911 928 1250 976 inconsequenter
1294 928 1433 964 dicunt
1477 928 1656 976 quidam,
1704 929 1809 976 quod

495 986 741 1034 impossibile
786 996 844 1023 est
890 986 1161 1023 substanciam
1209 999 1292 1022 esse
1337 985 1638 1022 accidentaliter
1680 986 1811 1034 quale,

494 1044 569 1080 nisi
602 1044 696 1080 insit
728 1044 802 1081 sibi
836 1044 1009 1093 qualitas
1043 1043 1243 1090 distincta,
1291 1054 1335 1080 ut
1379 1045 1507 1080 forma
1553 1043 1812 1080 accidentalis

496 1102 755 1150 distinguitur
788 1116 808 1139 a
842 1102 1034 1138 subiecto.
1089 1104 1136 1138 Et
1181 1115 1271 1138 cum
1319 1101 1455 1138 dicunt
1499 1115 1579 1138 non
1612 1110 1811 1149 oportere,
1834 1104 1868 1136 13

495 1160 525 1195 si
559 1160 784 1196 subiectum
819 1160 868 1196 sit
902 1159 1203 1196 accidentaliter
1237 1169 1273 1196 et
1307 1172 1407 1208 eque
1440 1159 1665 1195 formaliter
1687 1172 1812 1207 quan-

495 1227 594 1264 tum,
645 1220 753 1266 quod
787 1217 991 1266 quantitas
1024 1217 1075 1253 sit
1106 1218 1236 1254 forma
1269 1217 1528 1254 accidentalis
1573 1217 1661 1263 sibi,
1707 1217 1812 1253 illius

495 1285 629 1312 autem
662 1289 743 1312 non
776 1285 833 1312 est
866 1276 1052 1324 fingenda
1084 1275 1206 1322 racio,
1240 1275 1331 1312 licet
1364 1276 1460 1312 false
1483 1275 1671 1323 fingatur,
1705 1276 1812 1323 quod

494 1343 653 1381 oportet
686 1333 924 1382 qualitatem
959 1346 1042 1369 esse
1076 1346 1173 1377 rem,
1209 1346 1286 1382 que
1319 1342 1449 1381 potest
1471 1346 1543 1381 per
1567 1345 1606 1369 se
1631 1332 1811 1379 existere,

497 1401 533 1428 et
565 1405 645 1428 non
677 1392 731 1428 sic
765 1393 812 1428 de
846 1391 1083 1440 quantitate,
1831 1404 1872 1425 20

554 1449 828 1486 Confirmatur
859 1449 934 1486 ista
967 1449 1171 1486 sentencia
1195 1462 1265 1497 per
1289 1451 1449 1486 beatum
1473 1448 1744 1497 Augustinum
1767 1450 1812 1483 (30

497 1509 544 1544 de
577 1507 755 1544 trinitate
791 1510 849 1553 (30,
885 1507 952 1543 ubi
998 1507 1093 1543 dicit
1125 1507 1199 1543 sic:
1253 1509 1320 1554 „In
1354 1520 1600 1556 unoquoque
1646 1519 1813 1555 corpore

496 1565 605 1601 aliud
639 1575 696 1602 est
730 1565 979 1614 magnitudo,
1015 1565 1124 1601 aliud
1158 1566 1266 1601 color
1299 1574 1335 1601 et
1369 1565 1478 1601 aliud
1502 1565 1648 1614 figurag
1683 1574 1813 1612 potest

498 1624 602 1659 enim
656 1623 855 1660 diminuta
910 1623 1187 1671 magnitudine
1241 1635 1402 1659 manere
1454 1623 1561 1659 idem
1615 1624 1724 1659 color
1778 1632 1813 1659 ct

497 1683 637 1718 eadem
672 1681 812 1729 figura,
859 1690 897 1717 et
930 1682 1061 1718 colore
1105 1690 1259 1717 mutato
1293 1693 1454 1717 manere
1500 1683 1639 1717 eadem
1687 1681 1871 1728 figur-2123

498 1749 535 1775 et
580 1741 718 1776 eadem
766 1739 1022 1787 magnitud03
1076 1748 1113 1775 et
1161 1739 1287 1786 figura
1334 1740 1472 1775 eadem
1515 1752 1594 1775 non
1628 1748 1815 1775 manente

498 1807 579 1833 tam
616 1810 807 1845 magnum
841 1810 924 1834 esse
958 1806 994 1833 et
1029 1798 1169 1833 eodem
1204 1798 1325 1833 modo
1359 1797 1624 1833 coloratum.⁷'
1670 1799 1718 1832 Et
1752 1810 1814 1833 ca—

500 1855 627 1903 pitulo
660 1860 707 1901 40
741 1855 796 1891 sic
831 1855 987 1891 scribit:
1038 1857 1253 1902 „Humano
1293 1854 1442 1903 quippe
1475 1855 1611 1891 animo
1643 1867 1723 1891 non
1758 1864 1815 1891 est

500 1915 574 1949 boc
609 1925 704 1959 esse,
750 1915 857 1961 quod
890 1913 1033 1949 fortem
1079 1925 1174 1959 esse,
1215 1921 1283 1949 aut
1316 1914 1555 1960 prudentem
1601 1925 1697 1958 esse,
1747 1922 1815 1949 aut

500 1971 649 2007 iustum
686 1983 781 2017 esse,
828 1980 895 2007 aut
940 1979 1209 2018 temperatum
1255 1983 1357 2016 esse;
1403 1980 1533 2018 potest
1579 1970 1683 2007 enim
1732 1983 1874 2007 essem

500 2029 657 2065 animus
692 2038 728 2065 et
761 2029 913 2065 nullam
947 2029 1115 2065 istarum
1139 2030 1285 2065 habere
1308 2028 1540 2074 virtutem'',
1575 2030 1643 2064 sed
1667 2028 1708 2065 in
1732 2031 1814 2064 Deo

501 2095 558 2123 est
605 2086 726 2124 idem.
776 2089 823 2122 Et
861 2088 903 2122 50
938 2088 986 2122 de
1033 2086 1212 2123 trinitate
1252 2087 1335 2123 130:
1416 2089 1456 2122 In.
1505 2088 1622 2123 rebus
1655 2086 1815 2134 partici—

572 2303 625 2325 21.
658 2294 747 2335 Aug.
773 2293 825 2324 De
851 2293 1020 2324 Trinitate
1046 2293 1089 2324 VI
1116 2292 1148 2324 6.
1175 2293 1313 2336 Migne,
1341 2293 1473 2326 Cursus
1491 2292 1723 2335 patrologiae
1748 2303 1815 2326 ser.

501 2342 564 2373 lat.
603 2339 720 2372 XLII
755 2341 833 2373 928.
977 2338 1030 2371 28.
1073 2339 1214 2378 Ibidem,
1253 2340 1310 2371 ubi
1347 2349 1457 2381 supra
1501 2349 1574 2381 cap.
1605 2348 1638 2380 4,
1678 2339 1817 2382 (Migne

501 2388 564 2418 col.
585 2386 668 2428 927)
689 2412 695 2418 .
715 2410 723 2417 .
744 2411 750 2418 .
771 2411 777 2418 .
805 2396 873 2418 non
901 2386 966 2418 hoc
991 2390 1042 2418 est
1069 2395 1151 2424 esse,
1177 2386 1270 2426 quod
1296 2390 1346 2418 est
1364 2387 1501 2428 fortem
1528 2395 1612 2425 esse,
1645 2390 1708 2416 aut
1729 2397 1816 2428 pru-

502 2433 653 2470 dentem,
694 2437 756 2464 aut
782 2432 924 2470 iustum,
956 2435 1020 2463 aut
1046 2435 1323 2473 temperantem.-
1353 2436 1471 2473 potest
1506 2432 1595 2464 enim
1635 2441 1708 2464 esse
1741 2433 1815 2464 ani-

503 2489 589 2517 mus,
616 2483 648 2510 et
682 2479 816 2510 nullam
851 2479 1002 2510 istarum
1037 2478 1166 2510 habere
1197 2478 1375 2510 virtutem.
1413 2478 1492 2510 Deo
1518 2482 1636 2509 autem
1670 2479 1734 2510 hoc
1766 2483 1816 2509 est

502 2534 586 2563 6336,
627 2525 719 2567 quod
761 2529 812 2557 est
844 2525 980 2566 fortem
1025 2533 1106 2562 esse,
1149 2528 1211 2555 aut
1253 2526 1382 2556 iustum
1426 2534 1500 2556 esse
1527 2547 1642 2556 .....
1670 2529 1703 2556 et
1743 2534 1815 2566 qsq.

505 2571 558 2603 32.
592 2569 690 2610 stica,
725 2571 781 2602 ubi
806 2580 914 2612 supra
940 2571 970 2602 V
994 2581 1032 2601 10
1066 2571 1148 2611 (non
1181 2570 1235 2611 1:3¹)
1263 2570 1396 2613 Migne,
1428 2572 1492 2602 col.
1520 2571 1607 2602 913:
1642 2570 1682 2601 In
1717 2571 1816 2602 rebus

503 2618 606 2655 enim,
632 2626 721 2658 quae
743 2617 1026 2659 participatione
1054 2617 1309 2659 magnitudinis
1329 2626 1482 2659 magnae
1499 2621 1592 2655 sunt,
1618 2617 1740 2659 qm'bus
1767 2621 1816 2648 est

503 2664 606 2695 aliud
631 2673 713 2701 esse,
741 2663 841 2694 aliud
869 2673 1020 2705 magnas
1047 2673 1131 2703 esse,
1158 2663 1246 2694 sicut
1273 2673 1408 2705 magna
1437 2664 1573 2702 domus,
1607 2668 1640 2694 et
1667 2672 1817 2704 magnus

505 2719 615 2749 mons,
643 2716 675 2741 et
695 2719 845 2750 magnus
862 2709 1021 2748 animus‚·
1048 2709 1081 2740 in
1102 2709 1155 2740 his
1173 2718 1259 2751 ergo
1280 2710 1382 2740 rebus
1400 2709 1501 2740 aliud
1519 2713 1569 2741 est
1590 2709 1816 2752 magnitndO,

504 2755 610 2794 aliud,
631 2755 724 2797 quod
741 2756 784 2787 ab
804 2765 844 2787 ea
873 2755 1117 2797 mag›1itudine
1144 2764 1315 2798 magnum
1343 2760 1404 2795 est,
1431 2760 1462 2786 et,
1482 2765 1632 2797 prorsus
1658 2765 1725 2786 non
1753 2755 1818 2787 hoc

506 2806 556 2833 est
584 2802 805 2844 magnitudo,
831 2802 924 2843 quod
950 2806 1001 2833 est
1028 2810 1163 2844 magna
1192 2802 1330 2833 doinus.
