2056 3234
190 188 315 224 Quaest.
336 187 386 215 IX·
469 189 699 228 Quaestiones
725 188 857 230 logicae
884 194 917 220 et
942 187 1215 230 philosophicae.
1698 179 1776 215 283

188 309 327 341 unum,
361 307 481 344 quam
504 294 715 342 reliquum.
748 293 856 330 Alias
879 293 988 330 nullo
1012 295 1132 330 modo
1154 293 1382 331 differenter
1405 307 1495 331 con-

190 362 362 391 servaret
394 352 469 389 ista
502 353 594 399 duo,
629 360 666 388 et
695 363 766 400 per
798 363 1045 400 consequens
1078 351 1180 389 sicut
1213 360 1250 388 et
1273 353 1435 401 quando
1459 361 1495 389 et

190 411 395 461 quamdiu,
420 418 457 447 et
479 410 535 446 sic
558 411 606 446 de
620 409 707 446 aliis
728 421 853 445 unum
873 418 1122 447 conservaret
1144 409 1199 446 sic
1223 418 1259 446 et
1282 409 1495 458 reliquum,

192 478 228 506 et
266 469 323 505 illi
369 467 477 505 modi
515 480 596 504 non
628 466 817 503 differunt
849 467 1022 514 realiter,
1066 467 1161 516 quia
1198 468 1418 504 secundum
1457 480 1497 504 se

159 527 337 564 5nullius
360 534 452 562 sunt
480 524 672 562 realitatis
701 537 761 572 eo,
790 526 898 573 quod
925 533 1082 574 sumpte
1103 525 1129 575 †
1149 534 1335 562 naturam
1362 537 1498 574 super-

191 584 302 621 addit
324 584 546 621 realitatem
569 582 700 631 primo
723 582 872 631 agenti,
906 582 1003 619 alias
1025 591 1234 631 perstaret,
1268 592 1305 620 et
1336 582 1391 620 sic
1415 595 1497 620 esse

191 641 412 679 formaliter
444 641 619 689 primum
652 639 917 689 perfectibile3
949 640 1070 689 igitur
1100 653 1182 677 non
1214 641 1431 678 secundum
1457 653 1497 678 se

193 700 380 736 differunt
427 698 585 735 realiter
624 710 696 734 nec
736 697 916 735 realitate
952 697 1071 747 primi
1110 698 1274 746 agentis,
1321 698 1415 747 quia
1458 698 1498 735 in

194 759 332 795 eadem
354 756 512 805 penitus
536 768 706 804 persona
724 755 914 804 singulari
932 755 1051 804 primi
1067 755 1219 804 agentis
1243 756 1496 801 conveniunt,

140 828 178 849 10
193 827 269 864 que
291 827 372 851 non
393 822 560 863 possunt
583 815 728 851 habere
752 814 951 850 realitates
973 814 1123 862 plures:
1147 813 1268 862 igitur
1290 813 1497 862 supposito

193 872 332 918 eciam,
358 873 464 921 quod
488 880 617 908 essent
639 872 772 920 plures
787 883 956 919 persone
978 871 1018 908 in
1036 880 1179 908 natura
1194 871 1314 920 primi
1330 872 1493 920 agentis.

250 932 443 978 Suppono
474 930 637 966 unicum
672 928 966 977 simplicissime
997 942 1122 965 unum
1156 929 1331 977 primum
1364 942 1498 978 agens,
1540 934 1640 974 There
1659 935 1685 963 is
1707 936 1759 962 but

193 997 230 1025 et
252 997 373 1036 patet,
408 987 501 1036 quia
534 1000 601 1024 ens
633 986 788 1023 infinite
819 986 1008 1023 bonitatis
1042 996 1078 1024 et
1101 987 1345 1024 sufficiencie
1369 1000 1499 1024 essen·
1514 978 1684 1032 ouva-&mig
1698 974 1787 1032 zgfent

193 1045 304 1083 cialis
327 1054 398 1093 est,
432 1054 469 1081 et
492 1046 570 1082 tale
600 1056 756 1081 summe
784 1058 908 1081 unum
942 1053 979 1081 et
1007 1045 1137 1081 solum
1166 1058 1290 1081 unum
1319 1046 1398 1082 tale
1427 1054 1497 1092 est,
1592 1039 1708 1067 infinite

141 1103 312 1152 15igitur
344 1112 423 1140 tres
456 1111 547 1139 sunt
578 1111 712 1152 partes
744 1102 1030 1139 antecedentis.
1070 1102 1204 1140 Prima
1236 1111 1358 1151 patet,
1392 1102 1499 1151 quia,
1531 1073 1765 1136 goggsrgeezstigfid

193 1161 225 1198 si
249 1160 411 1210 ponitur
433 1160 511 1197 tale
535 1173 616 1208 ens,
649 1172 696 1197 eo
720 1159 807 1208 ipso
836 1160 960 1198 nichil
982 1160 1146 1209 ponitur
1167 1160 1499 1209 imperfeccionis,
1556 1143 1746 1205 {fflficfeenacnyd

194 1218 495 1264 insufficiencie,
541 1219 718 1255 defectus
757 1218 818 1255 vel
856 1217 1025 1264 malicie,
1071 1227 1108 1255 et
1146 1231 1216 1267 per
1255 1231 1500 1267 consequens
1601 1220 1699 1240 aone.

192 1277 316 1314 nichil
350 1276 681 1313 inconvenientis.
729 1276 850 1325 Igitur
893 1289 964 1324 per
1010 1276 1186 1325 regulam
1234 1276 1496 1325 obligisticam

193 1334 383 1383 possibile
427 1342 485 1370 est
527 1334 606 1371 tale
645 1345 741 1379 esse,
787 1342 825 1370 et
863 1333 957 1382 quia
1000 1333 1246 1383 impossibile
1285 1343 1341 1371 est
1384 1346 1500 1383 posse

139 1393 272 1429 2otale
312 1404 395 1428 esse
434 1399 472 1427 et
509 1392 663 1428 nullum
702 1392 780 1428 tale
831 1404 926 1439 esse,
972 1391 1065 1440 quia
1102 1400 1197 1429 tunc
1234 1401 1367 1440 posset
1411 1404 1502 1441 pro-

195 1450 286 1486 duci
330 1458 368 1486 et
410 1462 492 1485 non
536 1462 558 1486 a
602 1448 713 1485 finite
759 1449 917 1494 minori,
964 1449 1059 1498 quia
1103 1449 1202 1486 illud
1244 1463 1325 1487 non
1368 1458 1501 1498 posset

195 1507 269 1544 sibi
307 1515 463 1543 tanturn
504 1519 586 1544 esse
625 1508 733 1553 dare,
778 1507 872 1555 quia
909 1519 990 1543 non
1024 1508 1200 1554 haberet,
1247 1516 1291 1544 ut
1332 1507 1503 1545 adsciret

194 1566 301 1614 ipso,
346 1565 467 1613 igitur
505 1573 563 1601 est
599 1564 731 1612 prima
762 1577 854 1613 pars
885 1577 989 1601 vera.
1036 1566 1220 1602 Secunda
1252 1578 1357 1613 pars,
1396 1566 1503 1614 quod

196 1623 246 1660 sit
292 1634 447 1659 summe
495 1635 635 1668 unum,
683 1631 806 1670 patet,
859 1622 952 1671 quia
995 1624 1043 1659 de
1085 1631 1235 1671 quanto
1278 1632 1336 1660 est
1378 1622 1503 1671 magis

140 1683 180 1715 25
196 1682 343 1717 bonurn
376 1680 438 1717 vel
475 1678 676 1716 sufficiens
715 1693 840 1716 unum
877 1680 939 1716 vel
976 1679 1154 1727 unicum,
1200 1682 1248 1717 de
1293 1690 1405 1717 tanto
1445 1689 1502 1717 est

197 1738 412 1787 rigorosius
445 1746 483 1774 et
514 1736 695 1774 inclicius
729 1746 766 1774 et
798 1737 924 1786 magis
957 1739 1125 1785 bonum;
1158 1747 1195 1775 et
1228 1751 1327 1787 eque
1358 1751 1504 1787 propo-

197 1796 432 1834 cionabilior
464 1804 622 1844 oportet
655 1807 753 1842 esse,
792 1795 893 1832 sicut
924 1808 995 1843 per
1026 1808 1066 1832 se
1098 1805 1207 1844 patet
1239 1796 1503 1842 convertenti;

196 1854 317 1903 igitur
356 1866 446 1890 curn
490 1853 666 1902 primum
705 1865 824 1901 agens
864 1853 913 1889 sit
950 1853 1106 1890 infinite
1141 1855 1305 1900 bonum,
1351 1863 1388 1891 et
1426 1855 1503 1890 suf-

63 1914 182 1957 F.197
199 1912 333 1948 ficiens
372 1910 444 1947 erit
482 1923 651 1957 summe,
697 1919 734 1947 et
777 1923 848 1959 per
891 1923 1138 1959 consequens
1171 1907 1177 1964 1
1211 1911 1504 1960 simplicissime

141 1973 183 2006 30
198 1982 335 2015 unum,
376 1977 414 2005 et
449 1970 523 2006 hoc
556 1977 613 2005 est
645 1969 820 2006 secunda
850 1981 955 2017 pars.
989 1969 1089 2005 Cum
1122 1968 1243 2017 igitur
1274 1970 1322 2006 de
1345 1969 1504 2006 racione

196 2041 267 2064 sua
299 2036 356 2064 est
379 2038 462 2063 esse
484 2038 639 2063 summe
663 2039 801 2073 unum,
835 2035 974 2063 contra
997 2026 1199 2063 racionem
1222 2039 1334 2064 suam
1358 2026 1504 2064 infiniti

197 2085 290 2122 boni
323 2093 381 2122 est
404 2096 486 2121 esse
510 2084 729 2133 multiplex,
763 2083 912 2121 scilicet
944 2085 1088 2132 duplex
1109 2085 1170 2121 vel
1192 2084 1351 2133 triplex3
1385 2084 1506 2133 igitur

198 2142 321 2180 tercia
352 2154 444 2191 pars
474 2154 579 2180 vera.

256 2200 477 2237 Correlarie
514 2208 637 2248 patet,
670 2200 778 2248 quod
809 2199 984 2248 primum
1018 2212 1137 2248 agens
1170 2199 1437 2237 essencialiter
1469 2209 1505 2237 et

143 2260 182 2294 35
198 2258 410 2295 intrinsece
429 2257 528 2306 agit3
553 2266 590 2294 et
604 2269 675 2305 per
698 2269 945 2306 consequens
968 2257 1049 2305 agit
1072 2257 1284 2294 essenciale
1308 2266 1344 2293 et
1366 2257 1505 2294 intrin-

195 2328 332 2353 secum
356 2324 490 2352 actum
523 2327 658 2361 suum;
692 2324 813 2363 patet,
848 2316 955 2363 quod
988 2327 1104 2363 agere
1137 2316 1356 2351 secundum
1389 2328 1504 2352 suum

199 2373 406 2422 proprium
430 2374 596 2410 modum
629 2386 710 2409 non
743 2382 799 2409 est
819 2373 983 2409 minoris
1008 2372 1282 2420 perfeccionis‚
1306 2375 1374 2409 sed
1397 2382 1505 2410 tante

198 2432 259 2467 vel
297 2431 473 2477 maioris,
519 2430 620 2467 sicut
666 2439 723 2466 est
761 2431 943 2468 sufficere
993 2442 1123 2478 agere,
1167 2430 1369 2479 precipue,
1414 2444 1505 2468 cum

201 2501 319 2537 agere
342 2490 560 2525 secundum
584 2501 624 2524 se
646 2488 758 2536 ponit
781 2488 906 2525 inesse
929 2487 970 2524 in
991 2496 1095 2533 actu,
1120 2496 1157 2524 et
1174 2500 1244 2536 per
1260 2501 1506 2537 consequens

141 2559 186 2589 40
200 2546 240 2582 in
273 2546 539 2595 perfeccione;
572 2539 705 2594 igitur,
739 2558 828 2582 cum
853 2546 1033 2583 sufficere
1056 2558 1171 2594 agere
1204 2545 1253 2582 sit
1281 2546 1354 2582 sibi
1378 2559 1507 2583 essen-

270 2704 297 2730 6.
328 2707 475 2738 perstaret
502 2703 531 2730 in
558 2703 704 2738 margine
727 2703 917 2739 suppletum;
944 2703 1042 2731 verbis
1062 2703 1310 2732 antecedentibus
1330 2706 1506 2740 corruptela

200 2760 309 2788 subest.
410 2768 449 2788 21.
477 2760 598 2794 minori]
625 2759 691 2788 cod.
702 2769 712 2786 .·
743 2751 804 2788 bisi.
833 2759 922 2788 Haec
948 2769 1069 2796 quoque
1094 2762 1185 2789 verba
1212 2762 1309 2790 labem
1334 2765 1506 2790 traxerunt.

185 2805 243 2834 -23.
267 2805 361 2835 Cod..·
386 2806 478 2841 igitur
498 2811 543 2834 est
563 2806 656 2842 igitur
678 2806 789 2842 prima.
