2056 3234
206 198 295 227 CAP·
315 198 367 226 VI-
529 201 587 232 DE
616 198 737 232 ENTE
766 197 1190 231 PREDICAMENTALI.

205 321 284 354 rus,
331 306 454 343 etsie
487 308 534 343 de
579 307 679 352 loco,
725 307 772 342 de
816 306 1003 343 oracione
1049 315 1086 342 et
1129 305 1263 342 multis
1303 304 1513 341 similibus.

204 367 324 401 Facta
358 377 450 413 ergo
482 363 728 400 limitacione
762 363 997 412 quantitatis
1030 365 1081 400 ad
1103 365 1323 400 secundum
1348 364 1514 399 modum

204 422 467 471 significandi,
502 430 539 458 et
571 421 792 470 supposito,
828 423 936 470 quod
968 421 1197 458 substancia
1230 421 1279 457 sit
1303 433 1516 458 commune

204 482 254 517 ad
298 479 570 516 substanciam
620 479 873 528 aggregative
918 492 1040 516 unam
1086 480 1146 516 vel
1194 479 1517 516 substancialiter

172 537 339 584 5unam,
375 539 508 584 modo,
544 551 623 586 quo
647 537 797 573 dictum
822 545 880 574 est
903 537 1099 585 superius,
1133 546 1256 585 patet,
1292 538 1399 585 quod
1423 549 1517 585 que-

205 597 297 632 dam
332 604 389 632 est
423 595 625 644 quantitas
659 595 863 642 continua,
911 604 949 631 et
993 596 1166 643 quedam
1200 595 1401 643 quantitas
1441 594 1518 630 dis-

207 662 327 690 creta.
363 653 575 698 Quantitas
609 653 801 689 continua
835 662 892 689 est
925 652 1142 701 quantitas,
1178 666 1256 701 qua
1289 651 1518 689 substancia

208 720 264 747 est
310 711 497 747 continue
543 719 707 759 quanta,
753 719 796 746 ut
839 710 960 757 linea,
1005 710 1237 758 superficies
1283 719 1320 746 et
1359 722 1517 758 corpuS,

208 770 315 817 quod
340 768 503 817 quidam
527 777 670 805 vocant
702 767 1021 814 crassitudinem,
1057 767 1221 816 quidam
1251 767 1517 813 altitudinem,

154 835 192 856 10
207 835 244 863 et
276 826 441 875 quidam
475 826 790 874 profunditatem
813 827 874 863 vel
896 835 1051 862 ternam
1077 825 1382 862 dimensionem.
1416 828 1517 862 Nam

206 886 588 933 quomodocumque
610 893 787 929 vocetur,
814 893 967 920 certum
993 893 1061 929 est,
1081 885 1189 932 quod
1214 885 1385 920 multum
1410 882 1519 931 equi-

205 955 301 979 voce
334 941 465 978 differt
498 955 520 978 a
549 954 730 989 corpore,
755 943 862 989 quod
887 951 943 978 est
966 941 1118 989 species
1141 941 1382 978 substancie.
1417 940 1521 986 Quia

207 1009 341 1036 autem
376 1009 594 1048 utrumque
628 1001 853 1035 membrum
890 999 1126 1047 quantitatis
1161 999 1337 1036 continet
1376 1000 1448 1035 sub
1481 1011 1521 1034 se

207 1070 352 1106 genera
386 1058 556 1093 multum
593 1057 810 1105 disparata,
844 1057 934 1093 ideo
967 1056 1106 1094 dividit
1133 1057 1366 1093 Aristoteles
1398 1068 1521 1104 genus

154 1116 190 1147 15
207 1115 443 1164 quantitatis
476 1128 547 1163 per
579 1115 736 1163 signum
770 1115 901 1151 neutri
934 1114 1106 1163 generis,
1140 1128 1185 1152 ac
1218 1114 1250 1150 si
1283 1115 1520 1160 intenderet,

210 1175 318 1222 quod
341 1173 499 1221 generis
523 1173 759 1221 quantitatis
792 1172 957 1221 aliquod
990 1185 1113 1220 genus
1145 1172 1430 1209 intermedium
1465 1181 1522 1208 est

208 1231 459 1277 continuum,
495 1240 531 1267 et
564 1231 727 1279 aliquod
762 1230 999 1276 discretum,
1034 1240 1071 1267 et
1104 1230 1285 1279 quamvis
1318 1229 1522 1279 quantitas

209 1288 379 1325 discreta
413 1290 598 1325 credatur
642 1288 880 1325 naturaliter
918 1288 1028 1336 prior
1061 1288 1284 1337 quantitate
1318 1287 1522 1333 continua,

208 1356 343 1383 tamen
377 1346 581 1395 quantitas
616 1346 809 1383 continua
842 1355 898 1382 est
927 1346 1167 1383 naturaliter
1189 1346 1299 1394 prior
1321 1346 1361 1382 in
1383 1345 1523 1382 ordine

153 1413 193 1434 20
210 1404 498 1452 cognoscendi3
533 1413 569 1440 et
602 1413 785 1452 preterea
819 1403 1106 1452 perfectissima
1140 1417 1185 1440 ac
1210 1403 1523 1451 completissima

209 1462 450 1508 substancia,
486 1475 563 1511 que
597 1471 654 1498 est
687 1463 874 1508 mundus,
920 1463 1041 1498 habet
1085 1462 1353 1510 quantitatem
1400 1460 1523 1498 conti-

207 1533 331 1556 nuam
366 1533 438 1568 pro
471 1520 549 1557 fine
583 1529 620 1556 et
644 1520 940 1568 complemento
964 1519 1254 1568 cuiuscumque
1285 1518 1521 1568 quantitatis

210 1577 392 1614 discrete.

267 1635 402 1672 Primo
436 1648 529 1684 ergo
562 1635 820 1683 distinguitur
843 1635 1052 1672 distinccio
1077 1635 1311 1684 quantitatis
1336 1635 1523 1672 continue

152 1694 231 1729 2:321
276 1694 469 1740 subiectO,
516 1695 781 1741 supponendo
826 1693 1057 1741 supradicta
1102 1695 1149 1729 de
1193 1693 1440 1739 veritatibus,
1487 1701 1524 1729 et

210 1753 317 1814 quod
351 1764 593 1800 quocunque
626 1751 833 1788 individuo
873 1751 1062 1787 existente
1107 1751 1291 1788 accidens
1336 1760 1420 1788 tota
1464 1749 1524 1786 sui
1566 1773 1610 1801 Co

1749 199 1802 234 49

1547 1634 1698 1674 Quantity
1717 1634 1743 1662 is
1764 1642 1801 1662 an

1537 1669 1677 1697 accident
1688 1669 1813 1697 distinct

1599 1704 1679 1731 from
1700 1706 1751 1731 the

1616 1738 1743 1778 subject.

1615 1773 1789 1801 ufi1·matiou

210 1809 362 1856 species
396 1818 452 1845 est
485 1809 682 1845 accidens.
736 1811 838 1845 Nam
887 1810 1058 1845 eundem
1093 1809 1296 1846 hominem
1331 1808 1618 1856 contingitflom
1640 1808 1814 1842 Angustiae

1539 1843 1597 1870 and
1615 1843 1813 1870 conclusions

209 1879 315 1902 nUssC
349 1879 431 1903 CSSC
465 1879 659 1903 malorem
694 1876 731 1903 Εἴ
763 1879 869 1903 HUHC
904 1867 1115 1912 minorem,
1150 1869 1258 1915 quod
1287 1880 1368 1903 110ss
1390 1874 1523 1914 POSSCt
1539 1878 1644 1905 dlaxxn
1667 1877 1746 1904 stom
1768 1877 1816 1904 his

212 1936 308 1971 esse,
342 1925 417 1960 nisi
452 1924 688 1972 magnitudo
732 1934 767 1961 et
800 1937 870 1972 pel
904 1937 1151 1973 consequens
1186 1924 1389 1974 quantitas
1424 1932 1524 1960 esset

154 1984 195 2015 30
211 1982 283 2018 sibi
317 1982 592 2029 accidentalis;
639 1995 731 2030 ergo
766 1991 838 2019 etc.
892 1985 940 2019 Et
984 1983 1015 2019 si
1056 1992 1113 2019 est
1146 1983 1220 2019 sibi
1253 1981 1523 2027 accidentalis,

211 2050 304 2090 tunc
339 2049 395 2076 cst
428 2040 611 2076 accidens
657 2040 807 2086 eidem;
857 2053 950 2088 ergo
999 2041 1201 2089 quantitas
1250 2040 1423 2076 hominis
1469 2048 1525 2075 est

211 2097 282 2133 sibi
318 2098 515 2145 accidens,
562 2107 599 2134 et
644 2111 734 2134 cum
781 2098 958 2135 eiusdem
1004 2098 1175 2135 racionis
1211 2097 1289 2134 sint
1322 2097 1526 2146 quantitas

212 2155 384 2191 hominis
418 2165 455 2192 ct
488 2156 699 2192 cuiuslibet
732 2156 959 2192 substancie
993 2169 1184 2204 corporee
1218 2156 1434 2205 quantitas,
1468 2167 1526 2191 sc-

213 2213 362 2260 quitur,
397 2216 504 2262 quod
534 2214 695 2250 cuilibet
719 2214 945 2251 substancie
970 2226 1160 2262 corporee
1184 2214 1285 2250 inest
1309 2213 1525 2262 quantitaS,

284 2357 321 2386 13.
346 2359 440 2388 Cod.:
460 2349 599 2387 n'i'ebrum
617 2361 621 2394 Ι
639 2360 735 2400 acc-it?
757 2346 866 2396 ffi'mw,

284 2453 315 2484 7.
347 2443 454 2475 Hanc
483 2453 615 2485 quoque
647 2444 789 2486 Wiclz'fii
820 2444 1080 2486 expositionem
1104 2454 1220 2487 paene
1246 2445 1454 2477 verbotenus
1480 2453 1527 2477 ex

215 2489 412 2521 Aristotelis
440 2491 646 2531 praeceptis
673 2491 832 2532 pendere
863 2491 1042 2542 colligitur
1076 2501 1123 2522 ex
1150 2492 1223 2522 Cat.
1251 2492 1294 2522 IV
1320 2501 1414 2522 1—2.
1441 2491 1525 2529 (ΕΑ.

217 2534 301 2567 Ραγ.
321 2536 339 2567 I
357 2538 386 2575 6,
405 2537 453 2566 42
470 2537 550 2576 ss.).·
579 2537 656 2590 To?
682 2534 721 2567 δὲ
747 2538 862 2568 ποσοῦ
888 2533 928 2568 τὸ
955 2535 1020 2579 μέν
1045 2533 1119 2568 ἐστι
1145 2536 1394 2592 &mmogst‘vqm
1421 2534 1461 2568 τὸ
1488 2534 1527 2567 δὲ

215 2580 369 2624 συνεχές,
393 2593 452 2612 και
477 2580 518 2613 τὺ
544 2580 609 2623 μὲν
633 2579 671 2614 ἐκ
695 2580 802 2613 θέσιν
827 2579 984 2624 ἐχόντων
1001 2579 1092 2624 πρὸς
1109 2582 1239 2625 ἄλληλα
1257 2585 1331 2614 τῶν
1348 2580 1387 2614 ἐν
1404 2581 1528 2619 αὐτοῖς

216 2626 355 2668 μυρίων
381 2626 584 2683 συνέστηκε,
616 2626 656 2660 τὸ
683 2627 721 2660 δὲ·
748 2627 813 2660 οὐκ
839 2626 877 2667 ἐξ
902 2625 1060 2671 ἐχόντων
1083 2628 1200 2661 θέσιν
1232 2628 1338 2660 ”Eam
1370 2628 1409 2660 &a
1442 2628 1526 2660 διω-

217 2682 316 2726 ρισμ
311 2671 385 2705 ’νων
408 2673 483 2715 μέν,
511 2670 590 2706 οἷον
615 2672 774 2716 ἀριθμὸς
799 2673 858 2706 καὶ
883 2673 997 2716 λόγος,
1024 2673 1167 2717 συνεχὲς
1191 2674 1242 2716 δὲ,
1268 2671 1347 2707 οἷον
1371 2686 1527 2717 γραμμη,

216 2715 423 2759 ἐπιφάνεια,
450 2722 570 2761 σῶμα
609 2718 660 2751 ἑτι
686 2719 725 2751 ὸὲ
750 2719 848 2762 neco&
875 2723 989 2752 ταῦτα
1003 2719 1154 2775 χρόνος,
1186 2721 1245 2753 καὶ
1278 2719 1399 2759 τόπος.
1443 2723 1529 2753 Ίών

216 2763 282 2806 μὲν
306 2777 372 2807 γαρ
398 2769 462 2797 τοῦ
488 2764 648 2808 ἀριθμοῦ
674 2778 812 2809 μοριων
846 2766 966 2804 υύὄεις
997 2763 1071 2798 ἐστι
1096 2765 1218 2805 κοινὸς
1243 2763 1339 2810 ὅρος,
1371 2768 1462 2810 πρὸς
1488 2764 1529 2799 ὃν

218 2811 388 2843 συνάπτει
417 2811 459 2843 τὰ
485 2811 595 2854 μόρια
622 2811 760 2844 αὐτου.
945 2824 995 2854 14.
1025 2814 1076 2856 Cf.
1106 2819 1176 2847 not.
1204 2816 1436 2857 superifflem.

1373 2885 1395 2914 4

1618 1920 1644 1938 xx
1649 1912 1733 1938 oids.
