2056 3234
173 213 261 241 CAP.
283 214 318 241 X.
500 217 558 248 DE
586 216 708 248 ENTE
737 216 1155 249 PREDICAMENTALI.
1702 222 1768 245 101

172 333 266 360 tunc
311 336 391 359 non
435 331 537 358 esset
582 322 698 358 realis
744 322 931 369 prioritas
971 323 1177 368 naturalis,
1224 335 1316 370 ymo
1358 332 1487 359 essent

172 380 317 418 infiniti
351 381 496 428 gradus
531 379 753 428 prioritatis
786 380 826 415 in
849 382 947 426 Deo,
982 388 1019 416 et
1051 379 1253 416 infinitum
1288 380 1487 428 posterior

171 440 274 475 foret
307 438 469 475 homine
509 447 546 474 et
579 450 834 486 quacumque
873 437 952 474 alia
986 447 1182 474 creatura.
1230 437 1269 474 Si
1303 450 1396 486 ergo
1430 447 1488 474 est

172 499 267 533 dare
300 497 447 544 gradus
480 495 701 544 prioritatis
724 495 931 542 naturalis,
966 504 1023 532 est
1047 497 1142 532 dare
1165 495 1242 532 alia
1266 497 1485 532 secundum

140 555 255 591 §rem
288 555 349 590 vel
383 553 587 590 racionem
621 553 830 600 distincta3
864 552 967 589 inter
1000 566 1075 602 que
1109 562 1167 590 est
1193 553 1260 589 illa
1284 553 1486 601 prioritas,

172 621 209 649 et
242 611 326 648 sine
366 610 488 648 dubio
528 623 589 647 res
629 610 799 647 maxime
837 610 1054 659 participes
1098 612 1229 648 forent
1273 612 1371 647 tales
1412 613 1487 647 due

170 670 370 716 veritates,
416 670 524 717 quod
558 671 663 705 Deus
697 669 777 716 agit
818 670 906 715 hoc,
948 678 984 705 et
1024 671 1131 717 quod
1171 670 1264 706 data
1303 678 1487 705 creatura

172 727 254 776 agit
277 728 366 773 hoc,
391 739 467 775 que
491 735 774 774 supponuntur
797 739 880 763 esse
904 726 1080 774 agencie,
1106 740 1204 775 quas
1227 726 1485 772 intendimus,

172 798 262 822 cum
295 785 393 821 tales
427 793 587 832 oportet
620 785 729 830 dare,
776 793 813 820 et
846 784 943 821 alias
983 784 1194 832 superfluit
1232 797 1402 832 ponere;
1450 793 1486 821 et

119 855 156 875 10
173 852 325 880 certum
350 851 419 888 est,
444 843 552 890 quod
575 841 740 890 signatis
763 841 841 878 illis
863 842 1098 879 veritatibus
1121 855 1191 890 per
1207 844 1240 878 A
1260 851 1297 878 et
1315 844 1343 878 B
1368 843 1484 890 longe

172 901 280 949 prius
313 900 548 937 naturaliter
582 909 639 936 est
661 902 707 946 A,
732 912 853 949 quam
877 902 919 946 Β,
954 899 994 936 in
1021 909 1191 947 tanturn,
1227 901 1334 948 quod
1359 900 1484 948 possi-

38 960 73 992 F·
92 959 249 1000 214bile
278 967 335 995 est
363 954 366 1011 Ι
394 960 428 994 A
461 970 557 1005 esse,
592 960 620 994 B
653 970 735 994 non
769 958 971 1004 existente,
1005 968 1047 994 ut
1070 958 1213 1006 posito,
1248 959 1355 1006 quod
1379 960 1485 994 Deus

171 1018 388 1064 suspendat
421 1015 627 1052 accionem
651 1024 832 1052 creature
856 1025 893 1052 et
917 1016 1095 1053 continui
1120 1025 1156 1052 et
1178 1015 1484 1064 generacionem

171 1074 358 1120 absoluti,
383 1075 490 1122 quod
513 1073 623 1122 prius
645 1073 749 1121 fecit,
784 1086 874 1110 curn
898 1082 1094 1110 creatura.
1129 1073 1205 1111 Ubi
1229 1082 1352 1121 patet,
1376 1075 1485 1122 quod

119 1133 154 1164 15
171 1132 336 1180 agencia
382 1131 453 1168 Dei
499 1140 557 1168 est
602 1131 830 1168 diuturnior
876 1131 1042 1180 agencia
1086 1140 1268 1168 creature
1316 1140 1353 1168 et
1396 1141 1485 1179 post

172 1189 442 1226 cessacionem
480 1198 661 1226 creature
693 1202 793 1237 pura
829 1189 1005 1236 creacio;
1051 1189 1141 1226 ideo
1175 1182 1312 1225 dicunt
1345 1189 1483 1238 aliqui,

171 1261 214 1284 ex
259 1247 404 1284 talibus
444 1247 556 1287 moti.
603 1249 711 1296 quod
750 1249 1089 1296 quandocumque
1128 1250 1234 1284 Deus
1280 1246 1484 1283 concurrit

171 1319 259 1342 cum
293 1314 490 1352 creatura,
524 1305 608 1353 ipse
642 1314 762 1350 creat,
798 1314 981 1342 creatura
1005 1318 1085 1342 non
1109 1314 1288 1351 creante3
1323 1314 1483 1353 oportet

171 1376 264 1411 ergo
310 1363 535 1400 creanciam
582 1372 618 1399 et
663 1376 798 1400 creare
851 1363 1057 1412 agenciam
1111 1362 1320 1410 distingwi,
1374 1371 1411 1399 et
1461 1376 1481 1399 a

113 1433 154 1453 20
171 1422 296 1458 multo
332 1421 455 1469 magis
488 1420 620 1469 passio
654 1421 917 1469 distingwitur
951 1423 999 1458 ab
1033 1430 1215 1470 utroque.
