2056 3234
256 166 329 202 166

979 173 1203 205 JOHANNIS
1229 173 1397 204 WICLIF
1643 170 1732 197 CAP.
1754 171 1849 198 XVII.

538 279 626 327 quis
671 279 790 327 igitur
838 279 1099 327 principiaret
1147 279 1255 315 illam
1300 279 1553 315 volucionem
1600 279 1849 327 simplicem?

538 339 766 385 Oporteret‚
807 339 914 386 quod
955 346 1035 373 tam
1076 339 1182 373 Deus
1222 336 1355 384 previe
1394 336 1686 382 necessitando‚
1727 351 1847 385 quam

537 394 711 432 volubile
744 395 785 432 in
817 395 978 431 racione
1011 394 1243 442 apparentis
1277 394 1385 440 boni,
1425 395 1568 430 saltem
1601 394 1640 430 in
1675 407 1759 431 esse
1792 395 1848 431 in-

538 452 748 501 telligibili.
795 455 980 489 Preterea
1019 452 1154 500 aliqua
1193 453 1410 488 creduntur
1448 452 1713 500 intelligibilia
1752 466 1848 500 esse,

538 523 614 559 que
653 523 734 546 non
772 519 940 559 possunt
979 510 1114 558 appeti
1153 519 1318 558 propter
1358 511 1557 546 defectum
1607 511 1850 559 apparencie

538 568 741 615 bonitatis,
775 577 818 605 ut
852 567 1057 604 hominem
1092 567 1331 604 adnichilari
1370 569 1432 604 vel
1469 568 1600 616 ipsum
1640 581 1720 605 non
1766 581 1850 605 esse

537 627 757 662 secundum
780 625 1051 674 Augustinum
1078 627 1120 662 30
1146 627 1193 662 de
1219 625 1361 662 Libero
1385 625 1576 662 Arbitrio.
1611 627 1689 662 Sed
1713 626 1849 663 omnia

537 683 773 731 simpliciter
825 683 1092 732 impossibilia
1137 695 1237 731 eque
1281 696 1363 720 non
1407 692 1575 731 possunt
1623 680 1847 737 apparere(

538 754 621 778 esse
655 743 778 789 bona;
819 754 912 789 ergo
952 741 1089 778 omnia
1128 741 1224 778 talia
1261 754 1342 778 non
1382 750 1551 789 possunt
1592 754 1675 778 esse
1707 742 1849 788 volita;

538 812 628 836 cum
663 811 757 848 ergo
797 800 966 848 quilibet
1009 812 1091 836 non
1136 812 1273 836 errans
1306 799 1441 847 previe
1473 799 1514 835 in
1547 799 1715 846 intentu,
1762 800 1849 847 scit⁷

539 866 764 894 creaturam
806 857 945 906 equari
986 860 1069 893 Deo
1108 870 1189 893 non
1229 858 1375 894 habere
1415 857 1700 905 apparenciam
1742 858 1849 904 boni,

537 928 643 963 ymo,
697 915 727 951 si
781 915 896 961 foret,
943 924 1044 952 esset
1088 928 1244 951 summe
1288 916 1454 961 malum,
1501 915 1695 963 sequitur,
1742 917 1849 964 quod

537 986 617 1009 non
656 972 706 1009 sit
745 973 934 1021 possibile
980 972 1189 1021 potissime
1233 982 1460 1009 creaturam
1501 986 1582 1009 non
1620 973 1753 1021 previe
1792 986 1850 1010 er-

538 1039 694 1067 rantem
741 1031 839 1067 illud
884 1040 1086 1079 appetere,
1142 1043 1232 1067 cum
1279 1031 1428 1068 claudit
1480 1031 1848 1068 contradiccionem

538 1088 741 1125 hominem
776 1089 991 1137 quicquam
1033 1097 1237 1137 appetere,
1277 1088 1352 1125 nisi
1392 1090 1441 1125 ad
1480 1089 1651 1125 invicem
1687 1098 1850 1138 appetat

537 1146 610 1183 sibi
644 1148 808 1193 bonum,
842 1156 884 1183 ut
916 1147 947 1183 si
979 1146 1218 1195 simpliciter
1251 1147 1419 1195 appetit,
1458 1156 1625 1195 apparet
1657 1147 1731 1183 sibi
1755 1147 1849 1184 sirn-

538 1204 696 1252 pliciter
736 1204 980 1253 possibilitas
1019 1206 1069 1241 ad
1107 1204 1224 1251 illud3
1271 1214 1307 1241 et
1344 1204 1399 1241 sic
1438 1205 1535 1241 illud
1576 1218 1658 1241 esse
1698 1207 1848 1242 bonum

539 1262 727 1310 possibile
760 1262 791 1298 si
825 1262 1159 1299 condicionaliter
1196 1262 1363 1310 appetit,
1405 1272 1447 1299 ut
1479 1263 1749 1311 imprecantes
1782 1276 1850 1311 ap-

538 1320 650 1368 petit,
695 1330 790 1357 tunc
835 1320 1169 1357 condicionaliter
1212 1330 1380 1368 apparet
1424 1320 1498 1357 sibi
1537 1334 1656 1357 omne
1700 1323 1849 1358 bonum

537 1378 799 1427 intelligibile,
822 1388 877 1415 -et
910 1388 1004 1415 tunc
1037 1378 1279 1415 terminatur
1312 1387 1393 1414 tam
1435 1388 1547 1415 actus
1587 1378 1848 1427 intelligendi,

538 1449 659 1484 quam
712 1445 824 1473 actus
867 1436 1026 1473 volendi
1072 1438 1121 1473 ad
1166 1449 1228 1473 res
1270 1436 1447 1484 signatas
1499 1449 1570 1485 per
1621 1446 1755 1484 partes
1800 1437 1850 1473 si-

540 1495 828 1541 mulacrorum,
869 1494 1013 1543 quibus
1046 1495 1090 1531 fit
1122 1494 1390 1542 apprehen-sio
1424 1494 1494 1541 sic,
1535 1497 1642 1543 quod
1679 1508 1760 1532 non
1794 1505 1850 1532 est

539 1554 634 1589 dare
676 1565 801 1588 unum
847 1552 1094 1601 impossibile
1139 1552 1270 1600 primo
1311 1561 1347 1589 et
1386 1552 1664 1601 principaliter
1708 1566 1851 1601 appre-

539 1611 705 1646 hensum
752 1611 866 1646 totali
910 1610 1155 1659 significat03
1201 1612 1269 1647 sed
1309 1623 1352 1647 ex
1391 1620 1504 1658 parte
1543 1610 1645 1659 signi
1685 1621 1740 1648 est
1777 1611 1851 1647 im-

539 1667 784 1716 possibilitas
818 1678 983 1717 propter
1016 1671 1106 1715 hoc,
1141 1670 1249 1716 quod
1284 1668 1532 1717 impossibile
1567 1678 1624 1705 est
1647 1669 1883 1717 signatumz

539 1726 777 1774 primarium
824 1726 899 1762 sibi
944 1726 999 1763 sic
1044 1726 1217 1775 signanti
1262 1728 1615 1775 corespondenter.
1670 1729 1771 1764 Nam
1818 1727 1849 1764 si

539 1784 694 1832 signum
740 1797 821 1821 non
866 1786 985 1821 habet
1036 1784 1236 1833 signatum
1289 1784 1525 1833 primarium
1572 1795 1609 1821 et
1653 1785 1851 1833 significat

539 1843 660 1878 modo
695 1855 766 1878 suo
789 1842 1054 1891 significando
1077 1842 1238 1891 aliquod
1263 1843 1467 1891 primarie,
1501 1852 1597 1879 tunc
1630 1853 1687 1880 cst
1718 1843 1849 1892 ipsum

538 1899 799 1948 impossibile,
833 1910 875 1936 ut
909 1901 1060 1937 dictum
1097 1910 1154 1937 est
1186 1900 1384 1949 superius.
1420 1902 1511 1937 ldeo
1545 1914 1588 1937 ex
1620 1901 1689 1938 illo
1722 1901 1850 1938 sancti

540 1958 769 2006 philosophi
802 1959 997 2007 sequitur,
1031 1960 1138 2007 quod
1172 1967 1399 1995 creaturam
1436 1959 1574 2007 equari
1608 1959 1746 1996 deitati
1769 1973 1850 1996 non

539 2025 669 2064 potest
692 2017 841 2065 appeti,
875 2017 970 2065 quia
1003 2017 1127 2053 nichil
1149 2025 1279 2065 potest
1303 2017 1452 2065 appeti,
1486 2019 1593 2065 quod
1616 2030 1697 2054 non
1720 2026 1851 2066 potest

538 2073 726 2122 intelligi;
779 2076 847 2110 sed
892 2088 973 2111 non
1016 2084 1147 2123 potest
1190 2074 1371 2123 intelligi,
1426 2077 1533 2123 quod
1578 2084 1762 2112 creatura
1801 2076 1850 2112 sit

539 2131 691 2180 equalis
731 2132 882 2177 deitati,
928 2145 1022 2180 ergo
1060 2146 1141 2169 non
1181 2141 1313 2181 potest
1352 2133 1507 2181 appeti3
1551 2134 1716 2181 angelus
1756 2146 1849 2181 ergo

539 2199 695 2226 creatus
720 2189 760 2225 in
784 2191 891 2227 clara
924 2190 1109 2237 sciencia,
1143 2190 1227 2227 sine
1260 2191 1565 2227 fantasmatibus
1599 2191 1851 2228 terminanti—

539 2250 610 2283 bus
644 2259 782 2284 sensus
815 2261 907 2284 suos
939 2248 1164 2294 interiores,
1199 2258 1241 2285 ut
1274 2248 1471 2296 contingit
1494 2248 1533 2285 in
1557 2249 1736 2296 homine,
1770 2256 1883 2287 nonss

539 2314 670 2353 potest
693 2305 748 2342 sic
772 2306 982 2342 fantastice
1006 2319 1260 2354 componere.
1289 2307 1388 2342 Nam
1415 2307 1546 2343 adhuc
1570 2316 1716 2352 manet,
1741 2309 1849 2356 quod

538 2363 764 2401 obstinatus
796 2363 836 2400 in
870 2365 1008 2401 eadem
1042 2364 1243 2412 superbia.

796 2552 808 2570 s
831 2544 851 2570 it

583 2586 649 2623 Λιο.
673 2578 768 2605 Cod.:
797 2551 846 2620 sgz
867 2586 899 2613 q)
921 2580 974 2606 sed
993 2579 1075 2614 quod
1097 2586 1157 2606 non
1179 2583 1368 2614 expunctum.
1487 2587 1530 2615 27.
1554 2579 1648 2607 Com.-
1673 2581 1709 2619 h3
1724 2566 1851 2622 priffsvffi

539 2630 604 2659 wm-

608 2707 638 2737 7.
675 2698 728 2739 Cf.
755 2697 844 2738 Aug.
871 2697 922 2727 De
949 2696 1058 2728 libero
1085 2697 1155 2728 arb.
1182 2697 1224 2729 III
1250 2696 1281 2737 8,
1311 2707 1369 2729 22:
1403 2698 1496 2730 Nam
1525 2699 1614 2730 illud
1639 2699 1718 2731 vide
1744 2709 1848 2741 quam

538 2743 692 2774 absurde
730 2747 763 2774 et
800 2743 1088 2776 inconvenienter
1125 2744 1287 2775 dicatur:
1329 2744 1471 2776 Mallem
1514 2754 1581 2776 non
1620 2754 1703 2783 esse,
1742 2755 1846 2787 quam

540 2789 646 2821 miser
671 2797 743 2821 esse
769 2792 875 2829 etqsq.

1873 687 2001 730 F.229¹

1871 813 1908 833 IO

1869 1092 1905 1124 15

1868 1967 1909 1998 30
