2056 3234
197 201 286 229 CAP-
307 200 417 228 XVIII·
520 203 579 234 DE
606 202 729 233 ENTE
756 201 1177 233 PREDICAMENTALI.

256 311 419 346 Certum
465 318 520 344 est
564 321 670 356 ergo,
716 307 908 356 quicquid
952 308 1106 355 primus
1150 317 1337 355 peccator
1379 308 1506 344 voluit

199 367 329 415 primo
362 368 580 414 peccando,
615 367 722 414 quod
755 365 811 401 illi
843 364 1046 401 volucioni
1078 364 1194 401 infuit
1226 376 1305 401 una
1339 365 1508 401 circum-

199 424 364 470 stancia,
411 435 487 472 que
526 433 689 471 propter
732 422 990 468 iniusficiam,
1036 436 1156 471 quam
1201 422 1378 468 involvit,
1425 424 1508 458 Deo

200 481 415 530 displicuit,
450 490 487 517 et
509 480 565 517 sic
588 481 764 517 defectus
797 480 953 516 iusticie
986 480 1025 515 in
1059 489 1150 517 actu
1184 482 1288 516 bono
1321 480 1510 516 fundatus

166 539 272 576 §fuit
304 539 478 587 primum
525 547 754 587 peccatum3
800 547 837 574 et
869 546 991 586 patet,
1038 539 1146 586 quod
1185 537 1339 575 aversio
1373 551 1395 574 a
1428 539 1510 573 Deo

200 606 258 634 est
290 597 476 645 proprius
501 606 537 633 et
560 596 668 644 prius
692 597 739 632 de
764 595 925 632 racione
948 595 1115 643 peccati,
1149 608 1270 644 quam
1304 595 1511 632 conversio

201 656 250 691 ad
284 663 523 700 creaturam,
570 663 606 690 et
638 655 714 690 hoc
755 662 825 699 est,
871 654 979 701 quod
1025 653 1177 690 dictum
1217 662 1275 690 est
1312 653 1510 701 superius,

201 712 375 761 primum
422 720 632 760 peccatum
679 724 763 748 esse
806 720 1016 759 peccatum
1061 711 1303 757 omissionis,
1348 712 1512 755 nedum,

201 770 295 819 quia
341 770 534 818 dyabolus
580 768 714 805 omisit
758 781 914 805 servare
958 768 1175 815 iusticiam,
1228 778 1271 805 ut
1323 768 1380 805 sic
1423 780 1512 816 pec-

148 839 187 860 10
202 827 324 873 cavit3
356 840 507 873 verum,
542 827 636 875 quia
668 826 847 863 ommisit
875 827 989 872 velle,
1024 828 1130 875 quod
1165 826 1314 872 debuit,
1348 835 1513 874 propter

202 885 465 934 cupiditatem
500 884 771 921 inordinatam
804 884 1000 929 volubilis,
1036 886 1143 933 quod
1177 893 1271 921 tunc
1302 885 1402 921 velle
1433 896 1514 920 non

203 943 357 989 debuit;
402 952 439 979 et
476 942 531 979 sic
570 951 829 991 aggregatum
870 954 913 978 ex
945 941 1015 978 tali
1054 952 1144 979 actu
1178 951 1215 979 et
1248 940 1408 978 malicia
1440 941 1514 977 fuit

202 1000 521 1049 inseparabiliter
567 1001 732 1037 malum.
795 1000 885 1037 Fuit
937 999 1042 1036 enim
1093 1000 1212 1036 unius
1265 1009 1390 1045 actus,
1436 1012 1514 1048 quo

202 1058 522 1107 inseparabiliter
560 1057 686 1094 voluit
726 1070 809 1095 esse
849 1059 1001 1104 beatus,
1047 1057 1149 1094 sicut
1192 1057 1417 1094 necessario
1449 1058 1515 1094 wlt

150 1119 186 1151 15
202 1116 334 1154 omnis
373 1125 518 1153 natura
556 1115 782 1161 racionalis,
828 1124 865 1151 et
898 1115 971 1152 fuit
1004 1115 1082 1152 alia
1113 1115 1271 1152 volucio
1315 1115 1516 1164 posterior

201 1175 443 1223 voluptuosa
486 1173 860 1222 improporcionata
893 1175 943 1210 ad
976 1173 1096 1210 finem
1141 1173 1354 1214 intentum,
1402 1182 1438 1210 et
1475 1173 1515 1209 in

203 1232 270 1269 illa
324 1231 774 1280 improporcionacione
826 1231 1007 1268 consistit
1058 1241 1269 1280 peccatum
1322 1231 1514 1279 primum,

204 1290 306 1327 sicut
339 1299 376 1326 et
408 1289 618 1326 cuiuslibet
664 1288 889 1337 peccatoris
934 1298 1142 1337 peccatum
1185 1290 1433 1337 exemplatur
1466 1290 1514 1325 ab

204 1348 285 1384 illo.
338 1350 428 1384 Non
480 1346 586 1383 enirn
639 1356 695 1383 est
747 1346 935 1395 possibile
987 1356 1213 1384 creaturam
1269 1346 1512 1383 racionalem

148 1417 190 1438 20
205 1405 416 1442 actualiter
447 1417 627 1453 peccare,
661 1404 738 1440 nisi
771 1404 997 1441 inordinate
1018 1405 1187 1441 voluerit
1211 1417 1290 1453 quo
1323 1406 1373 1441 ad
1405 1405 1516 1441 volu-

206 1463 361 1500 cionem
401 1462 673 1499 beatitudinis.
721 1464 832 1499 Patet
865 1474 909 1498 ex
942 1463 1030 1508 hoc,
1075 1464 1184 1511 quod
1223 1475 1302 1499 non
1336 1471 1393 1499 est
1425 1475 1516 1510 pos-

205 1521 317 1558 sibile
361 1529 547 1558 naturam
591 1519 809 1557 volutivarn
855 1520 1024 1557 deficere
1071 1534 1092 1557 a
1134 1520 1347 1557 volucione
1392 1520 1517 1556 beati-

204 1578 365 1625 tudinis,
398 1587 441 1615 ut
473 1578 537 1614 hic
569 1577 822 1626 supponitur,
856 1580 925 1614 sed
959 1591 1041 1614 non
1074 1587 1132 1615 est
1165 1578 1353 1627 possibile
1387 1578 1515 1626 ipsam

205 1649 387 1685 peccare,
440 1636 515 1672 nisi
559 1637 730 1673 volendo
775 1636 1013 1684 peccaverit,
1059 1645 1102 1672 ut
1145 1645 1255 1685 patet
1300 1648 1344 1672 ex
1387 1636 1517 1672 dictis.

150 1696 190 1728 25
207 1697 311 1742 Ergo
350 1707 431 1730 non
469 1702 527 1730 est
565 1693 755 1741 possibile
799 1693 928 1742 ipsam
973 1706 1153 1742 peccare,
1198 1694 1275 1730 nisi
1308 1706 1351 1730 ex
1383 1693 1519 1742 inpro-

206 1752 397 1800 porcione
428 1751 688 1788 volucionum
724 1751 968 1799 peccaverit3
1014 1752 1116 1797 ideo,
1151 1760 1195 1788 ut
1228 1760 1318 1800 post
1351 1751 1518 1796 dicetur,

206 1810 308 1847 sicut
347 1822 465 1846 omne
509 1819 719 1858 peccatum
761 1809 1003 1857 speculative
1043 1810 1234 1858 arguendi
1269 1809 1449 1846 consistit
1481 1809 1521 1845 in

207 1867 535 1916 improporcione
569 1867 794 1904 mediorum
829 1868 877 1903 ad
914 1868 1215 1904 conclusionem
1250 1867 1425 1913 finalem,
1465 1867 1521 1903 sic

207 1938 327 1962 omne
374 1934 584 1974 peccatum
631 1925 753 1961 moris
793 1925 975 1962 consistit
1007 1925 1048 1961 in
1080 1925 1407 1973 improporcione
1442 1938 1522 1961 me-

152 1985 194 2017 30
209 1983 368 2020 diorum
394 1985 443 2020 ad
466 1983 720 2019 volucionem
756 1983 931 2027 finalem,
964 1983 1098 2031 gracia
1132 1983 1242 2020 cuius
1267 1992 1323 2019 est
1346 1983 1523 2031 quelibet

209 2041 287 2078 alia
309 2041 480 2077 volucio.
515 2042 607 2077 Ideo
641 2053 752 2077 error
784 2041 824 2077 in
858 2040 1059 2077 eleccione
1092 2040 1214 2077 medii
1249 2049 1306 2077 est
1338 2040 1379 2077 in
1403 2053 1523 2077 causa

210 2098 420 2136 cuiuslibet
445 2099 575 2147 culpe,
608 2107 666 2145 ut,
699 2100 862 2146 quando
896 2098 1055 2146 eligitur
1086 2099 1270 2147 voluptas
1303 2099 1352 2135 ad
1386 2111 1524 2146 super-

210 2156 316 2193 biam
349 2156 447 2201 vite3
495 2156 677 2204 quamvis
718 2156 822 2192 enim
868 2157 1043 2205 quelibet
1082 2158 1225 2193 harum
1268 2156 1390 2192 trium
1430 2155 1523 2192 sim-

211 2214 374 2262 plicium
431 2213 859 2262 concupiscenciarum
907 2223 1038 2262 potest
1084 2227 1166 2251 esse
1210 2214 1293 2250 sine
1340 2222 1521 2262 peccato,

155 2273 193 2307 35
211 2282 347 2309 tamen
380 2271 592 2308 deficiente
625 2271 894 2320 proporcione
928 2272 1049 2308 medii
1082 2273 1132 2309 ad
1165 2272 1286 2308 finem
1320 2280 1523 2320 peccatur,

198 2339 253 2366 *ut
295 2329 389 2366 dicit
429 2331 569 2366 beatus
601 2330 805 2366 Johannes
843 2329 974 2377 prima
1006 2331 1066 2366 Jo.
1101 2333 1146 2366 20
1180 2331 1375 2366 reducens
1415 2341 1526 2365 more

211 2400 282 2424 suo
322 2387 595 2435 septenarium
640 2400 856 2424 numerum
900 2396 1158 2435 peccatorum
1200 2388 1249 2423 ad
1288 2387 1524 2431 trinitatem,

212 2446 574 2493 correspondentes
607 2446 657 2481 ad
689 2445 909 2482 trinitatem
946 2445 1142 2491 hostium,
1178 2453 1214 2482 et
1248 2446 1415 2482 eandem
1441 2457 1527 2480 sen-

281 2625 325 2653 28.
348 2626 391 2653 sic
410 2633 493 2653 corr.
514 2634 551 2654 ex
571 2627 658 2654 sicut.
749 2624 792 2653 33.
815 2625 889 2654 Cod.
934 2627 1056 2653 horum.
1148 2625 1193 2659 34.
1218 2626 1314 2655 Cocl.:
1333 2627 1526 2661 ocupiarum.

213 2693 256 2730 37.
280 2694 347 2722 Cod
366 2705 375 2723 :
395 2686 431 2722 {El
453 2686 543 2722 t'nitff.
565 2695 602 2736 Et
622 2676 698 2723 στῇ.

286 2811 337 2845 36.
368 2813 387 2843 Ῑ
407 2814 482 2845 Joh.
514 2814 551 2844 ῘῙ
589 2816 640 2844 16.

1719 207 1792 242 ¹77

1550 319 1616 346 The
1637 320 1701 347 first
1722 319 1767 345 sin

1528 354 1700 389 displeased
1723 354 1791 381 God

1523 389 1561 424 hy
1580 397 1595 415 a
1617 389 1716 416 desire
1736 388 1799 414 that

1529 432 1593 450 was
1612 424 1798 453 inordinate,

1525 459 1583 485 and
1606 467 1640 485 so
1661 458 1797 490 wanting

1577 494 1607 520 in
1629 492 1745 528 justice.

1556 1356 1623 1384 The
1643 1361 1781 1384 creature

1572 1396 1653 1418 must
1674 1391 1774 1418 desire

1538 1427 1628 1460 bliss;
1650 1426 1803 1453 therefore

1538 1462 1573 1488 he
1593 1469 1647 1488 can
1670 1462 1716 1488 sin
1737 1461 1807 1496 only

1549 1496 1587 1532 by
1608 1504 1624 1523 a
1646 1496 1746 1523 desire
1766 1497 1801 1522 ot*

1544 1539 1649 1558 means
1670 1531 1796 1557 unfittcd

1575 1570 1606 1593 to
1627 1566 1674 1592 his
1695 1566 1764 1592 end.
