2056 3234
196 189 284 216 CAl'·
306 188 373 216 XX·
522 191 580 222 DE
607 189 730 221 ENTE
758 189 1178 222 PREDICAMENTALI.

197 298 293 333 illud
325 297 385 333 vel
420 304 668 332 mensuraret
703 295 848 331 mutari
882 295 1039 331 mobilis
1072 296 1132 331 vel
1165 307 1281 330 suum
1306 303 1504 331 mutatum

198 367 295 401 esse,
339 355 529 401 vel-ergo
569 363 751 390 movetur
789 352 1025 398 successive,
1071 354 1166 388 dum
1214 354 1434 389 secundum
1468 366 1508 389 se

197 421 325 449 totum
360 420 416 448 est
449 411 489 447 in
521 411 694 447 termino
727 423 749 447 a
782 424 875 459 quo,
921 423 1011 447 cum
1052 410 1203 447 moveri
1242 410 1291 447 sit
1323 412 1507 447 recedere

198 484 219 507 a
242 470 414 506 termino
438 482 460 505 a
484 482 583 517 quo3
619 470 750 505 adhuc
783 478 917 504 autem
949 481 1031 504 non
1064 469 1153 516 plus
1186 467 1348 513 recedit,
1383 481 1504 517 quam

166 531 376 576 §perante,
426 528 588 574 quando
634 526 796 575 quievit,
845 527 912 562 sed
960 526 1108 574 incepit
1155 528 1361 571 recedere;
1415 539 1508 574 ergo

197 599 277 622 non
310 594 367 622 est
400 586 494 621 dare
524 584 698 632 primum
721 584 782 620 vel
813 584 1000 619 ultimum
1034 584 1185 620 instans
1218 593 1362 620 motus.
1394 586 1509 620 Tunc

198 644 302 679 enim
348 651 448 679 esset
492 651 625 678 motus
669 642 752 678 sine
798 642 880 678 eius
925 642 1093 678 materia
1143 641 1417 678 individuante
1466 651 1510 677 ut

197 700 388 737 alteracio
420 700 503 736 sine
536 700 742 748 qualitate,
768 708 804 735 et
826 712 899 747 pro
924 709 1020 735 tunc
1042 712 1124 736 non
1148 709 1281 747 posset
1302 699 1439 736 sentiri
1473 708 1509 735 et

198 759 253 795 sic
287 760 334 794 de
367 757 588 794 insensibili
622 758 733 794 fieret
765 757 963 803 sensibile,
1004 770 1076 793 nec
1115 758 1234 793 refert
1267 757 1345 794 sive
1379 766 1510 793 motus

145 817 309 853 1ofieret
352 828 444 864 pars
489 815 652 852 alterius
691 824 824 851 motus
864 815 944 851 sive
981 828 1075 861 non,
1122 815 1215 863 quia
1260 815 1510 863 impossibile

198 883 256 911 est
279 875 373 910 dare
405 873 503 909 illud
535 882 694 921 tempus
727 874 924 921 adequate
958 886 1195 909 mensurans
1229 875 1329 909 duos
1363 881 1508 918 motus,

198 945 369 980 quorum
416 944 518 967 unus
563 931 803 967 terminatur
846 931 1035 967 inclusive
1074 932 1123 967 ad
1167 931 1362 967 terminos
1406 930 1510 966 illius

199 989 394 1037 temporis
428 998 465 1025 et
498 989 598 1025 alius
632 988 840 1025 exclusive.

256 1050 345 1083 Non
385 1060 478 1094 ergo
519 1056 576 1083 est
615 1047 725 1083 racio
770 1047 977 1094 signanda,
1026 1059 1149 1095 quare
1189 1048 1266 1083 due
1307 1055 1417 1096 gutte
1451 1046 1509 1082 in-

146 1104 392 1153 15cipientes
417 1117 662 1153 componere
694 1105 859 1141 terciam
893 1118 966 1153 pro
998 1104 1068 1140 illo
1101 1104 1266 1142 instanti
1300 1113 1512 1142 moventur

201 1172 312 1199 motu
345 1176 424 1211 quo
457 1162 655 1211 incipiunt
690 1175 862 1209 movere,
896 1162 993 1210 quin
1024 1175 1094 1210 per
1125 1162 1231 1198 idem
1255 1173 1368 1212 gutta
1402 1175 1511 1198 com·

198 1221 331 1269 posita
356 1230 582 1257 moveretur
604 1234 677 1268 pro
711 1223 851 1257 eodem
886 1220 1050 1257 instanti
1084 1222 1224 1257 eodem
1260 1231 1384 1267 motu,
1419 1233 1508 1257 cum

200 1278 413 1315 cuiuslibet
452 1278 577 1326 partis
616 1291 685 1315 sue
725 1279 859 1327 aliqua
899 1291 990 1326 pars
1031 1288 1260 1315 moveretur
1298 1280 1366 1316 illo
1400 1287 1511 1315 motu

199 1337 282 1372 sine
314 1336 559 1384 impediente
592 1337 968 1373 denominacionem
1002 1337 1143 1373 tocius
1177 1337 1382 1383 Similiter,
1416 1336 1447 1373 si
1478 1338 1512 1372 A

142 1405 184 1426 20
199 1407 316 1442 spera
354 1403 605 1442 pertranseat
637 1396 666 1430 Β
699 1395 844 1431 lineam
879 1394 1133 1432 uniformiter
1164 1395 1204 1430 in
1237 1396 1349 1441 hora,
1389 1403 1510 1442 patet,

200 1453 307 1501 quod
354 1452 485 1500 prima
533 1452 727 1488 medietas
773 1462 831 1489 est
876 1464 976 1501 eque
1020 1453 1137 1500 plene
1185 1453 1428 1501 pertransita
1473 1453 1513 1488 in

201 1510 333 1546 medio
366 1509 531 1546 instanti
565 1510 666 1546 sicut
698 1523 893 1558 umquam
927 1519 1030 1558 post,
1078 1523 1167 1547 cum
1211 1511 1358 1548 mobile
1390 1510 1440 1546 sit
1473 1510 1513 1546 in

199 1567 373 1604 termino
407 1569 457 1604 ad
489 1580 623 1616 quem,
665 1577 702 1604 et
734 1568 857 1604 nichil
890 1568 994 1604 illius
1027 1568 1077 1605 sit
1108 1569 1412 1617 pertransitum.
1458 1570 1513 1603 Ex

200 1639 279 1674 quo
324 1634 446 1673 patet,
493 1627 601 1674 quod
647 1635 778 1662 motus
823 1626 1094 1663 individuatus
1134 1640 1156 1663 a
1188 1627 1320 1674 prima
1365 1626 1512 1662 medie-

143 1684 280 1720 25tate
313 1686 356 1730 B,
391 1696 481 1720 cum
516 1683 565 1719 sit
598 1685 835 1732 completus,
869 1697 951 1720 non
985 1693 1054 1730 est,
1096 1693 1133 1721 et
1167 1697 1237 1732 per
1271 1684 1376 1721 idern
1412 1684 1512 1720 alius

199 1741 510 1777 individuandus
556 1754 599 1778 ex
643 1743 818 1778 secunda
867 1742 1081 1779 medietate
1126 1744 1155 1778 Β
1200 1744 1419 1779 secundum
1473 1754 1512 1778 se

197 1808 326 1836 totum
360 1799 518 1835 futurus
551 1812 631 1835 non
664 1808 721 1836 est
755 1801 888 1846 modo,
922 1801 990 1836 sed
1023 1800 1162 1848 incipit
1196 1813 1297 1845 esse3
1332 1813 1404 1848 pro
1438 1801 1513 1836 hoc

199 1869 291 1905 ergo
337 1857 502 1893 instanti
545 1869 626 1893 non
674 1858 960 1894 continuantur
1003 1857 1058 1894 illi
1104 1860 1183 1895 duo
1229 1868 1375 1903 motus,
1422 1871 1511 1894 cum

199 1916 320 1951 modo
354 1927 435 1951 non
467 1914 558 1951 sint.
608 1914 719 1951 Sicut
757 1927 850 1963 ergo
889 1915 989 1963 ignis
1030 1916 1251 1953 successive
1295 1916 1513 1964 generandi

141 1975 182 2007 30
199 1981 256 2009 est
300 1974 396 2009 dare
449 1972 583 2020 ignem
638 1972 857 2009 maximum
912 1974 1111 2021 complete
1163 1983 1396 2022 generatum
1442 1987 1513 2021 pro

200 2030 331 2067 medio
375 2030 541 2067 instanti
586 2030 876 2078 generacionis,
921 2031 977 2068 sic
1016 2040 1074 2068 est
1114 2033 1161 2068 de
1193 2031 1513 2080 pertransicione

198 2088 322 2136 spacii
368 2097 405 2125 et
449 2100 708 2136 quocumque
754 2097 866 2125 motu
919 2089 1144 2126 successivo
1199 2099 1257 2126 est
1301 2091 1396 2126 dare
1440 2102 1513 2137 pro

197 2146 375 2194 quolibet
419 2145 585 2182 instanti
632 2146 846 2183 maximam
889 2156 1043 2194 partem
1086 2156 1220 2184 motus
1259 2148 1436 2195 elapsam
1476 2156 1513 2183 et

199 2204 415 2240 maximam
458 2203 668 2240 materiam
706 2214 838 2240 motus
872 2204 1115 2253 adquisitam
1148 2206 1209 2241 vel
1244 2205 1511 2253 deperditam.

141 2263 180 2295 35
256 2264 304 2297 Et
336 2270 489 2298 certum
524 2270 593 2307 est,
628 2264 736 2310 quod
770 2262 834 2298 ille
869 2272 1002 2298 motus
1035 2276 1107 2310 pro
1139 2272 1235 2299 tunc
1267 2276 1347 2299 non
1371 2271 1441 2309 est,
1467 2275 1512 2299 eo

199 2320 305 2367 quod
353 2319 499 2355 mobile
538 2332 619 2355 non
658 2329 715 2356 est
754 2319 793 2356 in
833 2320 1083 2368 adquirendo
1128 2320 1239 2357 illam
1287 2320 1511 2366 materiam,

199 2389 275 2425 que
309 2385 365 2413 est
399 2379 619 2413 secundum
656 2390 695 2413 se
729 2386 871 2423 totam,
906 2386 943 2414 et
976 2378 1030 2414 sic
1064 2379 1261 2426 complete
1295 2378 1510 2426 adquisita.

199 2436 291 2470 Ideo
324 2434 420 2471 dicit
453 2435 720 2482 Philosophus
757 2436 799 2471 50
834 2435 1099 2482 Phisicorum,
1132 2438 1241 2484 quod
1274 2449 1393 2472 omne
1425 2448 1513 2484 per-

200 2505 378 2538 manens,
421 2492 522 2528 sicut
555 2493 776 2529 successive
810 2503 1037 2541 generatur,
1076 2506 1157 2529 non
1190 2502 1260 2539 est,
1295 2503 1510 2542 antequam

137 2563 182 2593 40
199 2549 249 2586 sit
282 2558 532 2597 generatum.
582 2553 655 2586 Res
688 2563 781 2587 vero
814 2551 1048 2597 successive,
1090 2553 1184 2587 dum
1215 2560 1307 2587 sunt
1340 2552 1380 2588 in
1415 2551 1512 2597 fieri,

270 2707 321 2740 38.
352 2709 404 2751 Cf.
432 2710 533 2740 Arist.
561 2710 636 2740 Nat.
662 2711 767 2741 Ausc.
786 2711 816 2740 V
838 2721 847 2740 1
873 2711 935 2750 (2),
963 2721 981 2752 7
1009 2710 1090 2750 (Ed.
1116 2710 1200 2742 Par.
1227 2711 1264 2742 Il
1290 2712 1374 2747 309,
1395 2712 1419 2741 ὁ)
1436 2713 1515 2752 sq.):

203 2754 247 2809 fl
270 2753 334 2808 μὲν
361 2751 427 2786 οὖν
450 2753 517 2809 ρὺκ
531 2751 593 2809 'gg'
609 2753 847 2797 ὑποκειμένου
881 2754 931 2793 εἷς
961 2754 1198 2798 ὑποκείμενον
1229 2754 1407 2798 μεταβολὴ
1439 2756 1516 2787 κατ’

194 2810 395 2840 (ΥΊΙΤΙφΓΥσΙἼ)
419 2811 554 2842 918719σὶ9
579 2812 685 2832 SUNT).

1334 2862 1369 2894 13

1576 1053 1752 1088 Examples,

1557 2268 1585 2294 A
1605 2268 1692 2302 thing
1712 2268 1775 2295 that

1585 2302 1722 2337 graduall
1739 2311 1745 2321 f

1542 2337 1693 2371 becomes,
1738 2346 1790 2364 oes

1546 2376 1598 2398 not
1618 2372 1695 2398 exist
1715 2373 1789 2399 until

1545 2406 1594 2433 the
1615 2414 1740 2441 process
1761 2407 1795 2434 of

1563 2442 1724 2476 becoming
1743 2442 1768 2468 is

1573 2476 1758 2511 completed.
