2056 3234
200 212 288 239 CAI‘-
311 212 377 239 XV·
531 215 589 246 DE
617 215 738 246 ENTIC
767 209 1183 247 PREDICAMEN'FALI.

200 320 329 356 omnis
363 329 473 356 actus
508 329 563 356 est
597 320 820 357 immanens
853 321 1069 357 voluntatis
1103 331 1245 359 create.
1296 324 1368 358 Per
1400 323 1505 359 idem

201 378 242 413 fit
276 391 297 414 a
332 380 428 424 Deo,
462 386 504 414 ut
538 380 720 415 doctores
755 388 791 414 et
824 378 950 414 sancti
991 378 1151 427 copiose
1186 389 1221 415 et
1256 380 1509 417 concorditer

199 435 449 483 profitentur.

259 495 348 529 [deo
383 493 544 540 ponitur
576 506 648 541 pro
672 494 894 541 theologice
926 494 1058 530 deciso
1090 504 1170 531 tam
1205 508 1226 531 a
1260 496 1508 543 philosophis

166 553 319 598 §quam
367 563 388 586 a
432 551 626 598 theologis
666 553 772 599 quod
813 554 917 587 Deus
957 552 1180 588 necessario
1221 553 1421 589 concurrit
1460 555 1508 589 ad

199 621 358 643 omnem
378 617 511 644 actum
532 618 769 655 creaturam,
787 609 887 645 sicut
909 621 1027 645 omne
1051 619 1258 646 causatum
1283 611 1507 647 necessario

200 675 337 702 causat
380 666 616 702 necessitate
656 668 738 703 Deo
784 679 826 703 ex
871 667 1152 715 supposicione
1191 681 1272 704 non
1309 669 1505 705 absoluta.

256 782 316 816 Ad
350 782 521 829 primam
556 781 831 818 difficultatem
866 782 1022 829 dicitur,
1057 785 1164 830 quod
1196 796 1276 819 non
1309 792 1365 819 est
1398 784 1508 819 color

145 838 238 874 10in
271 839 345 874 ista
370 839 632 875 deduccione:
664 841 771 876 Deus
795 839 887 876 facit
911 853 1070 876 cursum
1095 840 1228 884 istum,
1254 853 1346 888 ergo
1370 841 1505 886 currit,

199 905 236 932 et
279 896 334 932 sic
378 898 425 932 cle
470 899 676 933 comedere
721 906 758 933 et
801 897 1008 934 similibus.
1054 901 1153 934 Nam
1188 898 1334 943 anima,
1369 898 1505 946 frigus,

198 954 321 990 fames
356 963 391 990 et
424 954 619 1002 quotlibet
651 955 747 991 talia
779 955 930 991 faciunt
963 968 1136 1001 cursum,
1177 956 1506 992 commestionem

200 1021 235 1047 et
259 1021 401 1057 cetera,
432 1025 508 1060 que
532 1021 666 1048 tamen
690 1026 769 1049 non
794 1022 971 1049 currunt.
1002 1015 1077 1049 Pro
1102 1013 1211 1050 cuius
1235 1014 1508 1050 declaracione

198 1071 433 1116 notandum,
469 1071 576 1118 quod
621 1070 723 1107 sicut
756 1083 914 1107 movere
947 1071 1001 1107 sic
1035 1084 1107 1107 nec
1140 1072 1269 1107 facere
1304 1081 1359 1107 est
1394 1085 1508 1119 syno-

146 1133 181 1164 15
198 1141 362 1174 nymum
398 1140 487 1164 cum
512 1140 641 1175 agere,
677 1128 831 1164 dicente
854 1129 1076 1176 Augustino
1102 1129 1166 1165 83.
1186 1129 1394 1176 questione
1419 1130 1507 1175 28²¹,

200 1187 307 1232 quod
351 1185 481 1221 omnis
526 1198 645 1221 causa
690 1186 863 1222 efficiens
896 1195 965 1232 est,
1012 1196 1052 1222 ut
1099 1187 1265 1223 materia
1298 1187 1391 1223 facit
1424 1200 1507 1223 rem

201 1255 284 1279 esse
318 1252 523 1291 quantam,
570 1243 884 1291 corruptibilem,
930 1244 1269 1292 circumscriptive
1302 1244 1506 1291 situatam,⁷

200 1309 237 1336 et
269 1300 323 1337 sic
357 1302 403 1336 de
437 1301 522 1337 aliis
556 1301 856 1337 condicionibus
886 1302 1045 1338 racione
1080 1302 1244 1338 materie
1277 1302 1509 1350 contingen-

198 1358 302 1394 tibus
336 1358 605 1395 materiatum.
645 1361 827 1395 Tenebra
860 1359 985 1395 eciam
1018 1359 1111 1396 facit
1143 1359 1317 1396 viantem
1353 1362 1506 1407 cadere,

142 1430 183 1451 20
198 1425 406 1464 peccatum
440 1416 534 1452 facit
558 1430 672 1452 suum
706 1417 929 1453 subiectum
964 1430 1100 1464 expers
1132 1418 1276 1465 gracie,
1313 1427 1348 1453 et
1382 1417 1435 1454 sic
1460 1420 1507 1454 de

198 1474 404 1521 quotlibet)
439 1487 514 1522 que
547 1488 628 1510 non
661 1484 828 1522 possunt
850 1475 1059 1523 quitquam
1093 1488 1221 1523 agere,
1257 1488 1345 1511 cum
1379 1476 1506 1511 solum

197 1541 339 1568 natura
373 1533 568 1578 absoluta,
616 1534 764 1568 habens
809 1533 1065 1569 essencialem
1112 1533 1333 1581 appetitum
1367 1533 1508 1569 imma-

197 1599 356 1625 nentem
390 1598 518 1637 potest
541 1603 675 1637 agere3
711 1603 829 1627 causa
862 1599 993 1627 autem
1018 1603 1270 1639 quecumque
1299 1591 1505 1638 signanda,

197 1647 297 1683 sicut
343 1657 507 1684 causant
552 1648 727 1696 aliquam
764 1657 869 1684 extra
914 1661 968 1695 se,
1013 1649 1068 1684 sic
1115 1658 1151 1684 et
1184 1648 1344 1685 faciunt.
1392 1650 1504 1685 Unde

141 1709 179 1741 25
198 1707 304 1741 Deus
338 1705 484 1741 dicitur
516 1706 658 1752 facere,
693 1707 800 1754 quod
833 1706 1088 1742 antichristus
1123 1706 1208 1752 erit,
1243 1708 1351 1754 quod
1385 1707 1506 1742 homo

198 1776 277 1799 non
311 1772 367 1799 est
401 1763 545 1809 asinus,
581 1772 616 1799 et
650 1764 705 1800 sic
739 1765 785 1799 de
834 1764 973 1800 ceteris
1006 1764 1239 1800 veritatibus
1272 1764 1429 1809 eternis,
1463 1773 1506 1800 ut

198 1821 378 1857 concedit
404 1850 579 1857 ......
614 1822 714 1858 libro
747 1821 890 1869 primo,
936 1822 1112 1870 capitulo
1154 1826 1220 1867 140
1256 1830 1292 1857 et
1324 1821 1424 1858 libro
1460 1825 1503 1857 20

265 1965 288 1992 5.
317 1966 466 2001 theologis
487 1971 531 1993 est
552 1966 650 2000 quod:
674 1971 717 1993 cst
738 1967 821 1993 eieci.
943 1974 985 2001 27.
1014 1967 1084 1993 Post
1104 1967 1245 1994 concedit
1265 1968 1376 1994 lacuna
1397 1968 1506 2003 §sere

197 2000 371 2027 litterarum
392 2001 421 2027 in
443 2001 508 2027 cod.
537 2000 639 2028 Vocem
661 2001 776 2028 Doctor
796 2002 843 2028 vel
862 2001 977 2028 Doctos
999 2001 1172 2028 profundus
1193 2002 1342 2029 excidisse
1367 2007 1504 2037 apparet.

272 2084 320 2116 15.
351 2086 402 2126 Cf.
419 2086 507 2125 Aug.
528 2085 569 2114 de
589 2084 732 2115 diversis
749 2084 1021 2122 Quaestionibus
1038 2085 1200 2115 LXXXIII
1222 2085 1290 2125 lib„
1310 2092 1443 2126 quaest.
1464 2085 1504 2116 28

198 2131 337 2172 (illigne
365 2130 431 2160 XL
458 2130 535 2170 153¹).-
575 2131 645 2172 Qaei
683 2131 832 2170 quaerit,
866 2141 976 2172 quare
1014 2132 1164 2163 voluerit
1198 2131 1293 2163 Deus
1333 2132 1502 2162 mnndum

188 2178 327 2220 facere,
354 2186 499 2208 causam
527 2177 665 2216 quaerit
684 2177 878 2208 voluntatis
895 2177 970 2208 Dei.
1000 2177 1072 2208 Sed
1092 2179 1204 2209 omnis
1221 2187 1328 2208 causa
1348 2178 1503 2219 efficiens

197 2227 259 2255 est.
290 2223 401 2254 Omne
434 2227 551 2254 autem
586 2223 742 2264 efficiens
775 2222 888 2254 maius
915 2228 965 2254 est
997 2233 1100 2265 qnam
1129 2224 1175 2261 id,
1214 2224 1306 2263 quod
1338 2224 1503 2265 efficitur.

197 2269 314 2300 Nicln'l
340 2273 456 2301 autem
486 2270 600 2300 maius
626 2273 675 2300 est
702 2270 885 2301 voluntate
911 2268 990 2301 Dei.
1066 2279 1116 2309 24.
1147 2270 1200 2311 Cf.
1219 2269 1378 2300 Thornae
1397 2270 1503 2300 Brad-

197 2315 340 2356 wardini
368 2315 418 2346 De
444 2315 556 2345 Causa
581 2315 643 2345 Dei
671 2315 681 2345 I
714 2325 753 2355 14
779 2315 993 2355 (Ed.L01zd.
1023 2316 1094 2345 ‘208
1113 2316 1145 2345 E
1170 2321 1202 2347 et
1232 2317 1302 2347 209
1323 2315 1388 2356 A).·
1416 2317 1501 2348 Item

197 2362 360 2392 voluntas
386 2361 455 2393 Dei
482 2365 533 2393 est
560 2371 682 2399 causa,
709 2371 819 2402 quare
844 2362 1084 2402 quodcumque
1103 2363 1270 2403 futurum
1300 2362 1346 2393 ad
1366 2366 1500 2393 utrum-

198 2408 279 2438 libet
317 2412 368 2439 est
396 2409 586 2449 futurum;
623 2416 706 2449 ergo
739 2407 861 2439 eadem
897 2407 1037 2439 ratione
1070 2408 1304 2447 quorumlibet
1334 2408 1502 2440 aliorum.

196 2453 433 2485 Antichristus
460 2454 551 2485 enim
579 2463 627 2485 ex
652 2463 687 2485 se
715 2454 848 2484 nullum
877 2462 950 2485 esse
968 2454 1071 2485 habet
1097 2454 1258 2492 omnino;
1284 2464 1367 2495 ergo
1396 2464 1443 2485 ex
1468 2464 1503 2485 se

197 2509 265 2531 non
294 2499 413 2542 magis
439 2499 699 2531 determinatur
725 2499 774 2530 ad
793 2509 899 2530 unam
913 2504 1057 2540 partem
1079 2499 1375 2531 contradictionis
1394 2524 1401 2531 .
1421 2525 1428 2530 .
1449 2524 1456 2530 .
1476 2511 1502 2537 .;

197 2549 229 2576 et
261 2545 286 2576 II
316 2546 354 2578 32
390 2545 447 2584 (E.
474 2546 512 2577 L.
542 2546 631 2586 611):
673 2545 757 2576 Item
798 2546 978 2577 cuiuslibet
1011 2546 1211 2588 negationis
1244 2555 1349 2577 verae
1380 2546 1501 2586 prima

196 2600 306 2622 causa
325 2595 375 2622 est
395 2592 428 2622 in
444 2590 521 2623 Deo
541 2618 547 2624 .
568 2616 573 2621 .
594 2615 602 2622 .
622 2591 831 2632 Negationis
851 2596 979 2630 autem,
1007 2601 1095 2633 quae
1121 2602 1189 2623 non
1218 2597 1266 2622 est
1286 2592 1500 2629 necessaria,

197 2636 257 2668 sed
282 2636 491 2680 contingens
521 2647 642 2676 causa,
677 2638 712 2668 in
738 2637 815 2669 Deo
844 2637 985 2669 videtur
1010 2647 1090 2677 esse,
1130 2648 1197 2669 non
1231 2638 1317 2669 velle
1343 2638 1393 2668 sic
1419 2647 1500 2675 esse,

196 2684 249 2714 vel
276 2693 342 2714 non
362 2683 486 2723 facere
513 2684 562 2714 ita
589 2693 687 2715 esse.
709 2708 714 2714 .
735 2693 771 2720 .,·
797 2683 944 2723 deniqne
969 2684 1124 2714 eiusdem
1154 2684 1234 2715 libri
1260 2693 1332 2724 cap.
1354 2684 1392 2716 33
1422 2693 1499 2715 cum

190 2733 333 2770 partem
369 2729 533 2767 mediam,
566 2733 638 2760 tum
671 2730 757 2761 haec
791 2729 847 2769 (Ε.
874 2730 913 2759 L.
944 2730 1016 2759 624
1041 2730 1104 2770 A):
1145 2730 1231 2760 Item
1266 2728 1500 2760 Antichristus

198 2784 264 2806 non
294 2784 360 2815 per
384 2785 420 2806 se
445 2775 547 2807 habet
572 2784 654 2813 esse,
682 2784 788 2815 neque
815 2784 881 2806 non
909 2784 993 2814 esse,
1020 2776 1100 2815 quia
1120 2779 1202 2806 tunc
1218 2785 1284 2816 per
1301 2775 1501 2815 praemissa

194 2821 348 2853 alterum
376 2831 515 2862 semper
539 2821 582 2853 de
608 2822 813 2853 necessitate
840 2821 994 2852 haberet.

1721 210 1789 245 1233

1544 791 1723 818 Trcaument
1743 794 1774 819 ot

1546 826 1610 853 first
1631 826 1779 862 difficulty

1589 861 1631 895 (p.
1656 862 1725 893 102).

1551 894 1598 922 To
1619 903 1709 922 cause
1730 904 1765 923 an

1552 930 1649 956 action
1671 930 1697 957 is
1719 935 1769 957 not

1531 964 1580 990 thc
1601 973 1684 991 same
1705 973 1737 991 as
1758 970 1787 992 to

1565 999 1699 1033 perform
1722 1000 1760 1033 it3

1572 1033 1748 1060 distinction

1530 1068 1663 1094 between
1675 1069 1787 1103 facere

1566 1103 1630 1129 ancl
1648 1111 1755 1138 agere.
