2056 3234
963 181 1186 212 JOHANNIS
1214 181 1380 212 WlCLlF
1689 178 1778 204 (LAP.
1800 178 1827 204 ll

520 301 644 336 porea
677 287 920 334 substancia,
960 300 1082 335 quam
1116 288 1238 323 homo
1273 296 1330 323 est
1362 287 1603 323 substancia.
1649 290 1696 323 Et
1730 287 1836 324 idem

521 355 578 384 est
602 354 884 394 argumentum
909 346 956 381 de
973 344 1150 393 quolibet
1174 357 1317 393 genere
1335 344 1637 392 generalissimo
1653 354 1837 393 respectu

520 403 580 441 sui
613 403 768 452 generis
808 411 845 440 et
877 402 1025 451 speciei
1057 401 1278 450 supposite.
1324 405 1373 438 Et
1405 410 1515 450 patet
1552 401 1695 450 triplex
1727 402 1837 439 racio

520 461 704 509 analogie
753 460 922 509 generis.
982 460 1137 506 Quodsi
1188 459 1375 506 obicitur,
1429 459 1640 497 cuiuslibet
1690 460 1837 509 speciei

520 519 771 556 individuum
796 531 879 555 esse
902 518 1057 566 reliquo
1080 517 1315 566 perfeccffls,
1340 517 1594 554 concluditur
1618 517 1837 565 conclusio,
1855 518 1871 550 5

521 591 611 614 cum
645 575 892 624 impossibile
926 576 975 612 sit
1007 575 1216 612 individua
1249 575 1445 612 contineri
1478 576 1550 612 sub
1583 575 1729 624 specie,
1762 576 1838 612 nisi

521 634 766 672 constituant
788 636 991 682 quendam
1025 633 1207 671 ordinem
1242 633 1511 670 constituendi
1544 633 1836 682 perfeccionern

520 692 680 742 speciei,
715 701 757 729 ut
792 692 1032 740 generaliter
1075 701 1204 728 totum
1245 701 1303 728 est
1342 691 1563 740 perfeccius
1602 704 1673 728 sua
1712 700 1836 740 parte.

519 753 807 788 Verumtamen
846 750 920 787 iste
959 749 1231 798 perfecciones
1270 749 1310 786 in
1348 750 1425 786 hoc
1463 749 1651 786 differunt
1690 763 1712 786 a
1750 762 1839 797 per-

519 809 698 846 feccione
722 808 929 845 essenciali
952 808 1153 856 specifica,
1178 809 1285 856 quod
1309 820 1563 856 quacumque
1587 807 1838 856 perfeccione
1859 818 1897 839 10

522 867 700 904 eiusdem
739 866 887 914 speciei
927 866 1082 914 signata
1123 865 1396 914 perfecciones
1430 865 1540 902 finite
1573 879 1652 914 quo
1685 867 1735 902 ad
1767 878 1838 902 nos

521 925 699 962 eiusdem
732 923 878 972 speciei
900 925 961 961 vel
985 923 1256 972 equivalerent
1278 925 1338 960 vel
1361 925 1597 960 excederent
1630 923 1804 972 speciem
1832 920 1834 975 Ι
1854 923 1892 955 F·
1914 923 1972 967 195

521 985 676 1028 datam3
717 981 757 1019 in
795 982 1114 1030 perfeccionibus
1153 991 1287 1018 autem
1328 981 1575 1018 diversarum
1614 981 1837 1030 specierum

519 1042 627 1078 nulle
650 1041 766 1077 nobis
789 1039 898 1077 finite
923 1040 1194 1089 equivalerent
1216 1041 1277 1077 vel
1293 1041 1527 1076 excederent
1543 1039 1837 1088 perfeccionem

521 1098 667 1148 speciei
713 1097 945 1146 superioris,
992 1107 1029 1135 et
1067 1097 1295 1146 specialiter
1338 1097 1378 1134 in
1416 1110 1559 1146 genere
1597 1096 1894 1143 substancie‚15

522 1156 589 1194 ubi
632 1165 723 1193 sunt
768 1155 919 1204 species
965 1165 1001 1193 et
1047 1155 1276 1193 differencie
1320 1155 1508 1204 perfecte,
1555 1164 1598 1192 ut
1643 1155 1839 1204 quotlibet

523 1217 720 1252 elementa
743 1227 825 1251 non
846 1214 1026 1252 valerent
1048 1227 1173 1252 unum
1208 1214 1387 1260 mixtum,
1422 1222 1459 1249 et
1482 1213 1680 1262 quotlibet
1703 1214 1838 1261 plante

524 1286 605 1310 non
628 1273 806 1310 valerent
839 1285 962 1308 unum
988 1272 1150 1317 animal,
1185 1271 1287 1308 sicut
1321 1281 1357 1308 et
1381 1271 1579 1320 quotlibet
1611 1271 1735 1308 bestie
1758 1284 1839 1308 non

524 1332 701 1368 valerent
739 1343 864 1367 unum
905 1329 1124 1376 hominem,
1166 1338 1202 1366 et
1242 1329 1297 1366 sic
1331 1331 1378 1366 de
1413 1329 1573 1375 ceteris;
1617 1330 1686 1366 sed
1726 1342 1838 1366 secus

526 1399 583 1426 est
616 1390 664 1426 de
697 1388 787 1437 igne
821 1397 858 1425 et
891 1387 1032 1425 ceteris
1065 1387 1289 1436 omogeniis
1323 1387 1656 1436 quibuscumque.
1855 1395 1896 1416 20

593 1546 634 1570 14.
657 1537 778 1564 eederet
794 1539 868 1572 post
886 1545 921 1564 ex
941 1536 978 1564 ab
996 1537 1097 1564 altera
1118 1544 1209 1564 manu
1230 1537 1259 1563 in
1281 1536 1427 1572 margine
1446 1535 1561 1563 codicis
1579 1535 1758 1571 suppletum.
