2056 3234
213 192 233 217 2
248 194 294 226 ¹4
936 183 1159 216 JOHANNIS
1185 183 1352 215 WICLIF
1612 180 1700 208 CAP.
1722 179 1816 207 xxti.

237 303 355 332 1ftime
375 303 463 330 flows
501 293 667 331 veritate
711 291 945 340 oppositum
991 290 1108 326 huius
1153 301 1311 335 sensus3
1365 289 1595 326 mirandum
1642 302 1817 338 namque

213 336 487 409 Clssffilgtsssgssrs’iglty
503 361 572 398 est,
606 352 812 399 quomodo
846 349 942 385 dicit
974 360 1113 384 omnes
1138 356 1272 395 partes
1295 347 1489 395 temporis
1513 359 1670 395 semper
1693 348 1818 384 fluere

227 405 475 469 bgnigfiffsffffltin
503 418 541 446 et
578 409 805 453 succedere,
851 420 942 443 cum
981 408 1057 442 hoc
1097 405 1230 454 posito
1269 414 1429 453 oportet
1469 405 1548 441 alia
1587 417 1670 441 esse
1712 414 1818 442 extra

502 467 653 504 instans
686 474 905 511 actuatum‚
940 463 1035 513 quia
1058 476 1140 499 non
1163 472 1295 511 potest
1317 475 1408 499 vere
1431 463 1522 509 dici,
1548 465 1654 511 quod
1679 475 1818 499 omnes

501 534 635 574 partes
667 523 863 571 temporis
896 534 1056 570 semper
1095 521 1226 557 fluunt
1266 529 1303 557 et
1341 522 1561 557 succedunt
1601 521 1639 556 in
1679 521 1853 557 eodemfi

501 582 677 620 instanti.
725 584 836 627 Item,
877 581 986 628 quod
1031 578 1230 627 posterius
1277 579 1495 615 assumitur
1538 578 1692 615 instans
1737 591 1820 615 esse

501 640 774 684 notissimum,
807 648 917 687 patet
949 638 1059 686 quod
1093 650 1194 673 non:
1234 649 1327 673 nam
1361 637 1479 685 pauci
1510 637 1570 672 vel
1603 637 1701 673 nulli
1733 636 1820 684 phi-

502 697 662 746 losophi
703 697 967 734 conseneiunt
1007 695 1047 731 in
1088 694 1253 731 instanti
1292 703 1335 730 ut
1369 694 1493 743 aliqui
1528 694 1676 740 dicunt,
1712 696 1820 742 quod

503 770 584 793 non
615 764 747 804 potest
780 767 876 800 esse,
911 753 992 799 alii,
1027 754 1139 801 quod
1173 762 1231 789 est
1270 753 1412 796 celum,
1455 761 1491 788 et
1530 752 1586 788 sic
1628 754 1675 788 de
1708 761 1823 801 quot-

503 815 599 852 libet
631 813 902 862 opinionibus.
935 812 1078 848 Nullus
1109 823 1202 859 ergo
1236 810 1393 847 animus
1427 820 1583 847 creatus
1616 819 1672 846 est
1705 820 1881 846 causam

505 872 632 921 agilis,
666 881 708 908 ut
741 870 933 908 continuo
967 868 1144 918 accipiat
1177 869 1346 905 discrete
1386 882 1534 905 novum
1576 868 1742 912 instans,
1780 877 1824 904 ut

504 939 594 980 post
638 930 805 966 dicetur.
852 931 964 974 Item,
1010 927 1041 963 si
1080 927 1273 975 preterita
1319 926 1507 963 dicuntur
1546 938 1630 962 esse
1674 926 1822 974 priora,

505 998 548 1025 ut
579 997 671 1024 sunt
711 1001 733 1024 a
770 987 839 1023 tali
877 985 1044 1022 instanti
1073 982 1076 1038 1
1107 984 1345 1031 remociora,
1386 994 1423 1021 et
1464 985 1611 1030 futura,
1650 992 1695 1020 ut
1733 992 1825 1020 sunt
1843 984 1881 1015 F·
1898 983 1976 1024 241¹

507 1046 679 1095 presenti
712 1044 874 1081 instanti
906 1042 1211 1092 propinquiora,
1245 1051 1288 1078 ut
1321 1042 1417 1079 dicit
1450 1045 1612 1087 Doctor,
1647 1042 1822 1090 allegans

507 1105 556 1141 ad
594 1105 670 1140 hoc
709 1103 962 1140 Aristotelem
1008 1102 1050 1136 5Ο
1085 1100 1347 1149 Metaphisice
1389 1102 1477 1137 160:
1524 1102 1637 1136 Patet
1676 1112 1719 1136 ex
1760 1099 1882 1136 cle-15

508 1161 636 1198 ductis
675 1161 871 1209 superius,
912 1160 1022 1208 quod
1061 1158 1243 1207 sequitur
1282 1158 1512 1195 huiusmodi
1556 1158 1746 1206 preterita
1790 1166 1826 1194 et

508 1221 641 1256 futura
674 1231 757 1256 esse
789 1217 948 1255 infinito
983 1229 1128 1265 magno
1162 1218 1287 1265 gradu
1310 1216 1533 1265 prioritatis
1557 1228 1640 1252 esse
1664 1216 1827 1264 aliquod

510 1277 652 1323 futuri3
686 1277 857 1325 ideoque
891 1284 1098 1324 oporteret
1131 1287 1280 1322 ponere
1308 1274 1487 1322 primum
1511 1274 1662 1310 instans
1686 1273 1825 1310 mundi

510 1349 583 1384 pro
636 1344 744 1372 certa
797 1346 985 1371 mensura
1038 1332 1278 1370 citeritatem
1324 1332 1505 1369 omnium
1549 1331 1827 1380 temporaliter

512 1393 796 1442 posteriorum.
820 1402 826 1406 ’
1843 1398 1885 1420 20

234 1457 481 1485 ssradwardine⁷s
571 1454 682 1496 Item,
728 1451 836 1499 quod
881 1449 1055 1495 additur,
1103 1449 1206 1485 hanc
1249 1448 1574 1497 proposicionem
1616 1447 1827 1484 “Christus

276 1492 441 1554 {fssffsptffs
513 1509 691 1558 patitur''
732 1508 958 1557 significare
1003 1507 1157 1544 diversa
1201 1507 1422 1543 secundum
1461 1506 1730 1543 variacionem
1769 1505 1827 1541 in-

225 1561 494 1635 ngtaiiileffv’agiiiig
514 1567 726 1613 stancium,
750 1567 908 1603 videtur
932 1565 1128 1611 mirabile,
1153 1564 1246 1613 quia
1279 1577 1352 1601 nec
1386 1576 1429 1600 ex
1461 1573 1573 1612 parte
1606 1563 1721 1612 signi,
1755 1576 1828 1600 nec

263 1639 407 1669 meaning
428 1632 463 1658 he
516 1638 558 1662 ex
596 1634 711 1673 parte
748 1624 939 1671 veritatis,
986 1636 1058 1660 nee
1097 1622 1250 1659 mixtim
1291 1630 1424 1670 potest
1470 1622 1700 1670 contingere
1744 1630 1827 1658 tam

253 1674 375 1701 assigns
395 1670 424 1692 1⁰
445 1665 476 1693 it
517 1684 656 1720 crebra
692 1682 888 1728 variaci03
927 1694 1008 1718 non
1041 1694 1084 1718 ex
1116 1689 1230 1729 parte
1263 1680 1377 1728 signi,
1412 1693 1500 1717 cum
1535 1692 1634 1728 pure
1666 1678 1885 1716 natura-25

515 1741 617 1787 liter,
651 1749 847 1789 quantum
880 1740 920 1776 in
953 1752 992 1776 se
1026 1747 1097 1786 est,
1130 1747 1377 1787 representat
1398 1738 1438 1774 in
1462 1737 1715 1783 differenciis,
1749 1737 1828 1774 sive

517 1799 718 1846 signatum
763 1811 880 1834 suum
928 1797 989 1842 sit,
1039 1796 1120 1834 sive
1163 1809 1258 1833 non.
1311 1798 1393 1833 Nec
1437 1796 1535 1832 alias
1581 1795 1736 1832 ostendi
1782 1797 1828 1831 de

515 1856 816 1905 significacione
856 1855 1135 1892 intencionum
1167 1854 1466 1891 universalium.
1512 1856 1602 1890 Non
1635 1853 1739 1890 enim
1773 1853 1828 1889 sic

585 1977 623 2006 13.
644 1980 682 2013 et]
704 1978 768 2006 cod.
779 1987 790 2004 .·
811 1982 853 2005 ut.

590 2063 642 2096 15.
671 2063 723 2105 Cf.
750 2062 910 2094 Thomae
942 2062 1141 2094 Bradward.
1176 2062 1227 2093 De
1259 2071 1363 2093 causa
1393 2061 1456 2093 Dei
1490 2061 1512 2092 1.
1539 2071 1556 2092 c
1559 2084 1676 2094 .....
1719 2059 1830 2092 Omne

516 2110 660 2142 verbum
695 2109 942 2152 consignificat
969 2113 1115 2150 tempus.
1151 2107 1272 2140 Currit
1303 2107 1394 2139 enim
1421 2108 1669 2150 consignificat
1694 2111 1830 2147 tempus

512 2165 696 2198 praesens,
728 2156 860 2187 scilicet
893 2165 985 2187 nunc
1016 2164 1089 2187 esse
1114 2164 1270 2191 cursum,
1303 2158 1423 2186 curret
1456 2163 1540 2186 vero
1572 2154 1626 2186 vel
1651 2153 1830 2191 currebat,

517 2201 610 2244 quod
649 2201 901 2243 complectitur
938 2201 1072 2234 scilicet
1105 2200 1344 2242 praeteritum
1383 2200 1436 2232 vel
1460 2200 1651 2242 futurum,·
1697 2203 1729 2232 et
1767 2198 1831 2231 hoc

519 2248 746 2291 manifestum
780 2253 842 2287 est,
881 2248 963 2290 quia
996 2248 1166 2280 currebat
1197 2246 1377 2289 significat
1400 2247 1527 2289 fecisse
1557 2256 1698 2278 cursum
1727 2245 1831 2287 prius

517 2294 709 2327 secundum
745 2298 893 2336 tempus,
926 2297 1048 2326 curret
1078 2302 1162 2326 vero
1180 2295 1349 2336 futurum
1383 2302 1524 2324 cursum
1546 2292 1745 2334 posterius;
1786 2295 1831 2330 et,

519 2345 555 2372 ut
575 2344 680 2382 patet
708 2343 730 2372 5
759 2339 865 2373 Meth.
891 2342 944 2379 16,
965 2340 1069 2381 prius
1094 2339 1286 2372 secundum
1314 2343 1453 2380 tempus
1485 2339 1517 2371 in
1545 2338 1749 2381 praeterito
1781 2342 1830 2369 est

519 2386 688 2419 remotius
713 2396 735 2418 a
755 2396 846 2418 nunc
858 2387 1054 2428 praesenti,
1081 2386 1255 2428 infuturo
1281 2395 1376 2426 vero,
1404 2385 1497 2427 quod
1522 2389 1574 2418 est
1593 2385 1830 2427 propinquius

519 2433 584 2474 ipsi
611 2442 714 2472 nunc,
747 2433 823 2475 ipso
857 2442 950 2465 nunc
977 2436 1014 2464 ut
1034 2432 1217 2474 principio
1245 2436 1278 2464 et
1297 2432 1420 2473 primo
1447 2436 1535 2471 ente,
1561 2432 1610 2463 ad
1635 2431 1728 2474 quod
1754 2430 1829 2462 alia

517 2483 789 2519 comparantur.
828 2478 901 2511 Nos
927 2483 1046 2511 autem
1069 2483 1219 2520 propter
1245 2478 1461 2510 debilitatem
1489 2502 1496 2510 .
1516 2503 1523 2510 .
1543 2502 1550 2509 .
1570 2502 1577 2509 .
1604 2482 1638 2510 et
1664 2487 1760 2520 qusq.
1786 2476 1830 2518 cf.

518 2535 627 2566 supra
644 2536 678 2566 p.
698 2526 771 2564 213,
783 2526 816 2556 8.
835 2525 999 2567 Allegans
1018 2525 1060 2556 ad
1078 2524 1146 2556 hoc
1164 2524 1387 2556 Aristotelem
1407 2523 1423 2556 5
1443 2524 1668 2566 Metaphisice
1694 2523 1744 2565 16]
1766 2523 1832 2555 Est

519 2571 596 2602 libri
615 2572 659 2603 IV
679 2572 728 2612 (in
747 2572 825 2603 edd.
845 2577 912 2603 ant.
930 2571 987 2612 V),
1015 2581 1088 2613 cap.
1112 2581 1145 2602 11
1169 2571 1253 2612 (non
1275 2571 1342 2612 16),
1369 2572 1439 2602 iam
1459 2580 1569 2613 supra
1587 2580 1830 2603 commemora

519 2622 605 2655 tum,
626 2627 713 2660 pag.
735 2619 818 2656 204,
844 2618 908 2649 col.
931 2618 1007 2649 367
1033 2618 1115 2659 (Ed.
1141 2618 1227 2649 Par.
1256 2616 1304 2648 II
1318 2618 1398 2656 523,
1426 2619 1467 2649 17
1484 2617 1564 2659 ss.:)
1593 2615 1650 2647 Τὰ
1675 2615 1715 2648 δὲ
1739 2614 1830 2647 κατὰ

519 2662 664 2706 χρόνον·
706 2661 750 2694 τὰ
788 2661 853 2705 μὲν
887 2661 955 2706 γὰρ
992 2666 1041 2706 τῷ
1081 2661 1302 2705 πορρωτέρω
1342 2665 1406 2695 τοῦ
1443 2665 1520 2704 νῦν,
1559 2658 1637 2694 οἷον
1668 2659 1726 2694 ἐπι
1758 2665 1831 2694 τῶν

519 2708 721 2751 γενομένων
756 2707 929 2751 (πρότερα
954 2707 1020 2752 γὰρ
1046 2707 1090 2740 τὰ
1119 2708 1266 2751 Τρωϊκὰ
1292 2711 1367 2741 τῶν
1389 2707 1582 2751 Μηδικῶν,
1609 2705 1664 2740 ὅτι
1688 2707 1829 2750 πορρώ-

521 2765 625 2794 τερον
650 2754 772 2797 ἀπέχει
798 2766 861 2784 τον
894 2757 987 2797 νῦν),
1018 2753 1062 2787 τὰ
1094 2754 1133 2787 δὲ
1167 2758 1216 2799 τῷ
1250 2752 1424 2798 ἐγγυτέρω
1457 2758 1521 2787 τοῦ
1552 2758 1629 2797 νῦν,
1663 2751 1740 2787 οἷον
1772 2751 1830 2786 ἐπὶ

522 2804 595 2833 τῶν
620 2799 830 2843 μελλόντων.
