2056 3234
243 160 322 195 262

249 338 381 365 without
401 337 502 365 which

253 373 324 409 they
343 373 433 412 could
454 377 507 400 not

334 412 421 436 ex1st.

293 801 460 837 Tempora}

287 837 464 872 exemplary

259 872 357 900 forms
378 880 428 899 are
448 871 498 898 the

284 906 352 934 idea
371 906 402 933 in
422 906 473 933 the

281 941 472 968 workman's

329 976 425 1003 mind.

247 1033 392 1061 Intrinsic
411 1032 510 1060 forms

269 1076 319 1095 are
339 1068 427 1095 those
447 1068 486 1103 by

265 1103 367 1130 which
387 1102 490 1136 things

284 1137 360 1164 have
381 1138 478 1164 actual

295 1172 456 1200 existence.

255 1783 278 1811 Ι.
299 1783 500 1812 Conclusion.

244 1818 370 1846 Heaven
391 1817 512 1845 derives

256 1853 296 1880 its
318 1853 407 1888 being
425 1852 506 1880 from

253 1888 303 1915 the
323 1887 389 1915 first
407 1895 507 1915 cause.

1029 164 1196 198 Johannis
1221 165 1343 197 Wiclif
1645 163 1772 199 Quaest.
1787 164 1840 192 V1.

529 272 660 322 priam
695 285 858 310 causam
892 281 1102 321 tamquam
1133 271 1293 309 amicali
1316 272 1425 309 fonte
1449 272 1544 321 ipsis
1570 272 1842 310 mediantibus

530 330 643 368 encia
675 330 891 379 iungantur
930 339 968 367 et
1006 330 1046 366 in
1086 342 1170 367 esse
1210 343 1281 367 suo
1320 340 1622 367 conservantur.
1669 333 1718 368 Et
1751 344 1841 368 cum

529 397 670 426 notum
702 389 766 440 sit,
812 390 920 438 quod
954 387 1182 425 desinencia
1215 388 1428 425 influencie
1461 397 1543 425 tam
1578 388 1723 425 nobilis
1759 401 1842 426 esse

529 456 737 495 tamquam
780 448 831 483 ad
871 458 955 483 esse
988 445 1201 483 cuiuslibet
1239 445 1339 482 entis
1378 446 1605 483 necessario
1639 446 1841 495 requisste,

529 505 689 542 tolleret
721 517 841 541 omne
874 516 957 541 esse
989 503 1260 541 universitatis
1285 503 1456 543 encium.
1491 506 1546 540 Ex
1570 517 1648 552 quo
1671 505 1841 551 videtur,
1860 506 1876 538 5

530 564 638 612 quod
676 575 750 611 pro
789 561 1099 600 conservacione
1142 561 1413 599 universitatis
1462 561 1620 599 encium
1665 562 1706 599 in
1751 571 1843 599 actu

530 620 742 657 existencie
784 620 845 657 vel
891 620 932 656 in
977 632 1234 668 quocumque
1280 632 1365 656 esse
1409 633 1480 657 suo
1527 620 1736 657 essenciali
1782 621 1843 657 vel

530 678 768 716 accidentali
801 690 957 714 summe
979 690 1140 715 necesse
1175 687 1232 714 est
1254 690 1403 726 ponere
1436 678 1535 714 tales
1559 678 1741 715 raciones
1774 691 1842 715 seu

529 738 679 774 formas
710 737 870 784 ydeales
903 744 977 772 etc.

587 796 731 831 Forme
764 803 898 830 autem
932 794 1177 842 exemplares
1200 793 1444 842 temporales
1478 802 1569 829 sunt
1599 794 1841 843 exemplaria
1861 807 1901 829 10

530 852 570 888 in
603 861 734 888 mente
768 861 902 888 creata
924 851 1101 899 artificis,
1126 853 1176 888 ad
1199 864 1370 900 quorum
1393 851 1698 888 similitudinem
1722 864 1843 901 opera

531 918 640 946 extra
679 919 854 946 mentem
888 911 938 946 ad
973 918 1081 946 extra
1114 909 1157 945 fit
1188 910 1238 946 ad
1270 908 1576 946 similitudinem
1617 911 1761 946 domus
1793 912 1844 947 ad

530 967 636 1004 intra
669 976 744 1004 etc.

588 1027 732 1062 Forme
749 1033 883 1062 autem
900 1024 1114 1061 intrinsece
1138 1032 1241 1070 sunt,
1266 1025 1486 1060 secundum
1503 1037 1603 1073 quas
1618 1037 1680 1062 res
1696 1026 1843 1062 habent

530 1083 756 1120 formaliter
788 1095 871 1120 esse
905 1083 1072 1128 actuale,
1108 1091 1145 1118 et
1168 1082 1267 1119 tales
1290 1091 1381 1118 sunt
1405 1082 1598 1130 duplices,
1632 1082 1727 1131 quia
1750 1096 1845 1132 que-
1863 1086 1900 1119 15

532 1142 624 1178 dam
648 1150 754 1188 sunt,
781 1154 857 1189 que
880 1141 1090 1189 requirunt
1108 1153 1180 1188 pro
1198 1140 1378 1177 subiecto
1401 1140 1597 1177 essencias
1614 1153 1842 1190 corporeas,

532 1211 622 1236 cum
663 1199 808 1248 quibus
848 1198 1061 1247 perficiunt
1103 1211 1170 1235 ens
1209 1197 1249 1234 in
1289 1207 1393 1244 actu,
1440 1207 1477 1235 et
1516 1200 1615 1235 tales
1655 1199 1844 1236 dicuntur

530 1257 659 1293 forme
692 1259 832 1294 educte
854 1257 895 1293 in
918 1255 1104 1305 potencia
1129 1255 1294 1292 materie
1318 1265 1413 1303 etc.;
1447 1256 1523 1293 alie
1546 1265 1680 1293 autem
1704 1257 1843 1294 dicun-

530 1323 596 1351 tur
618 1316 746 1352 forme
769 1314 1069 1361 immateriales,
1093 1326 1164 1362 per
1187 1327 1227 1351 se
1257 1322 1408 1351 stantes
1441 1323 1478 1351 et
1509 1314 1633 1351 nichil
1665 1324 1771 1352 extra
1803 1328 1843 1352 se

531 1381 749 1419 actuantes‚
807 1382 860 1415 ut,
894 1372 972 1409 sint
1015 1372 1178 1421 spiritus
1223 1372 1360 1419 creati,
1411 1372 1479 1421 qui
1527 1385 1549 1409 a
1592 1372 1842 1422 philosophis
1859 1384 1902 1407 20

531 1430 811 1479 intelligencie,
850 1444 872 1467 a
910 1430 1109 1479 theologis
1148 1439 1282 1467 autem
1322 1430 1453 1478 angeli
1484 1430 1545 1467 vel
1584 1431 1744 1479 dyaboli
1775 1444 1842 1469 vo-

533 1498 688 1526 cantur.

590 1548 690 1583 Sunt
730 1546 857 1583 eciam
897 1554 934 1582 et
973 1545 1048 1582 alie
1087 1546 1215 1583 forme
1259 1545 1548 1583 substanciales
1593 1559 1843 1594 communes,

533 1606 673 1641 dantes
713 1617 797 1641 esse
836 1603 1134 1652 quiditativum,
1179 1612 1217 1640 et
1260 1604 1359 1641 tales
1399 1603 1587 1640 differunt
1623 1606 1843 1641 secundum

532 1662 795 1710 generitatem
821 1671 858 1698 et
882 1661 1072 1710 speciem,
1097 1674 1187 1698 cum
1211 1661 1289 1699 alia
1312 1661 1361 1698 sit
1384 1662 1513 1699 forma
1536 1662 1667 1699 omnis
1690 1663 1844 1711 generis
1861 1665 1901 1698 25

534 1729 572 1757 et
605 1719 683 1757 alia
715 1719 875 1768 speciei.
909 1720 1032 1768 Igitur
1056 1749 1063 1755 .
1089 1749 1097 1756 .
1123 1749 1130 1756 .

591 1777 670 1814 Illis
708 1777 763 1814 sic
801 1777 999 1814 stantibus
1038 1777 1087 1814 sit
1126 1783 1365 1813 CONCLUslo
1400 1784 1524 1814 PRIMA
1563 1777 1652 1814 ista.
1700 1779 1838 1815 Celum

533 1836 653 1872 habet
685 1848 768 1872 esse
800 1837 1042 1884 productum
1075 1848 1097 1872 a
1129 1834 1260 1883 prima
1294 1848 1426 1872 causa.
1475 1837 1673 1872 Probatur
1711 1837 1842 1885 primo

533 1893 771 1930 auctoritate
803 1893 1026 1930 Aristotelis
1049 1892 1323 1941 Metaphisice.
1358 1895 1416 1929 Ab
1450 1894 1525 1930 hoc
1558 1893 1720 1942 quidem
1754 1903 1843 1932 ente

534 1952 664 1988 celum
688 1960 725 1988 et
748 1960 832 1988 tota
854 1960 997 1988 natura
1021 1952 1238 1999 dependet;
1272 1952 1372 1988 bene
1395 1951 1450 1988 sic
1473 1953 1679 2000 probatur.
1714 1953 1843 1990 Omne
1859 1955 1901 1988 30

533 2022 601 2046 ens
625 2009 724 2046 citra
748 2009 920 2057 primam
944 2021 1107 2046 causam
1129 2009 1354 2046 necessario
1385 2011 1435 2046 ad
1464 2022 1578 2046 suum
1605 2022 1688 2046 esse
1710 2023 1844 2059 prere-

534 2067 655 2116 quirit
676 2067 851 2115 primam
876 2080 1058 2114 causam3
1088 2079 1157 2103 seu
1180 2067 1353 2115 primam
1383 2080 1544 2104 causam
1575 2080 1644 2104 seu
1666 2068 1843 2116 primum

533 2137 601 2162 ens
629 2137 724 2171 esse,
751 2133 788 2161 et
810 2138 891 2161 non
915 2137 933 2161 e
957 2137 1169 2171 converso;
1203 2137 1297 2173 ergo
1320 2125 1513 2174 sequitur,
1538 2127 1645 2174 quod
1668 2126 1843 2174 primum

534 2195 602 2220 ens
636 2191 693 2219 est
726 2195 845 2220 causa
878 2183 1060 2219 omnium
1095 2182 1251 2219 eneium
1288 2183 1388 2220 citra
1420 2196 1479 2231 se;
1519 2193 1556 2220 et
1589 2196 1679 2220 cum
1712 2184 1844 2221 omnis

534 2253 654 2278 causa
676 2240 876 2278 sufficiens
900 2250 938 2277 et
952 2254 1033 2278 non
1055 2240 1249 2289 impedita
1272 2241 1457 2289 producit
1481 2254 1596 2278 suum
1622 2251 1842 2289 causatum,
1860 2244 1899 2280 35

534 2311 628 2347 ergo
662 2312 684 2335 a
715 2298 879 2335 forciori
911 2299 1042 2347 prima
1076 2311 1195 2336 causa
1229 2299 1395 2336 omnino
1428 2299 1766 2337 sufficientissima
1806 2309 1842 2337 et

534 2356 771 2405 impedibili,
805 2369 881 2405 que
914 2366 970 2393 est
995 2369 1180 2394 mensura
1209 2366 1247 2393 et
1270 2365 1442 2394 metrum
1465 2357 1646 2394 omnium
1673 2358 1841 2395 aliarum

535 2427 761 2461 causarum,
804 2415 1023 2463 quemlibet
1062 2415 1182 2451 talem
1224 2414 1408 2451 effectum
1442 2415 1482 2452 in
1516 2428 1598 2452 esse
1643 2416 1841 2464 producit.

533 2472 657 2520 Igitur
689 2481 763 2510 etc.

592 2532 901 2567 CORROLARIUM
939 2537 1106 2566 PRIMUM.
1152 2531 1292 2568 Celum
1340 2531 1450 2579 prius
1496 2531 1634 2568 habuit
1675 2544 1758 2568 esse
1803 2531 1901 2576 in4o

533 2587 663 2636 prima
701 2601 833 2636 causa,
872 2601 993 2637 quam
1032 2588 1072 2625 in
1111 2588 1275 2638 propria
1315 2589 1541 2636 existencia‚
1582 2602 1671 2626 cum
1714 2590 1842 2626 celum

605 2746 658 2779 29.
688 2736 738 2779 Cf.
767 2737 869 2769 Arist.
897 2736 1048 2778 Metaph.
1066 2737 1109 2768 XI
1130 2737 1213 2779 [XII]
1242 2736 1331 2769 6-8
1357 2738 1440 2778 (Ed.
1465 2737 1548 2771 Par.
1568 2738 1842 2778 11603—608)

534 2787 568 2815 et
591 2783 621 2814 X
648 2783 716 2825 [XI]
744 2782 776 2824 8,
802 2793 822 2826 9
850 2783 934 2824 (Ed.
962 2784 1045 2816 Par.
1074 2784 1115 2815 II
1135 2785 1219 2824 594,
1243 2785 1289 2816 30
1315 2784 1393 2826 sq).
