2056 3234
127 837 164 858 10

125 1114 160 1146 15

121 1980 162 2012 30

120 2565 164 2595 40

183 199 271 227 CAP-
292 199 345 227 IV-
506 202 564 232 DE
591 201 713 233 ENTE
741 201 1160 233 PREDICAMENTALI.

182 308 221 343 in
269 320 339 343 sua
384 307 556 343 maxima
600 306 909 351 communitate3
962 319 1054 354 ergo
1102 320 1182 343 non
1227 315 1357 354 potest
1402 319 1486 343 esse

181 378 303 413 genus
334 365 522 412 logicum.
554 364 682 400 Maior
707 373 814 411 patet
838 377 881 400 ex
913 365 1001 410 hoc,
1036 366 1143 412 quod
1176 365 1328 400 nullum
1363 377 1486 412 genus

181 430 311 470 potest
343 422 584 470 principiare
616 422 766 469 species
790 421 1028 468 differentes,
1060 421 1136 458 nisi
1168 421 1389 458 formaliter
1417 434 1487 470 per

182 479 444 526 differencias,
478 488 515 515 et
548 488 700 515 certum
735 487 804 524 est,
838 480 945 527 quod
978 479 1010 515 si
1043 478 1230 515 deficiant
1259 479 1486 515 differencie

183 538 378 584 complete
402 536 576 582 divisive,
606 545 700 572 tunc
723 537 823 572 foret
848 549 927 572 una
949 549 1040 584 pars
1070 536 1289 573 subiectiva
1317 536 1485 584 generis,

181 607 257 643 que
295 608 377 631 non
416 602 517 630 esset
555 594 718 641 species,
767 602 809 629 ut
849 594 880 629 si
921 603 1021 630 esset
1060 594 1221 639 animal,
1262 596 1369 642 quod
1405 606 1487 630 non

181 661 282 688 esset
326 651 526 688 racionale
568 652 629 688 vel
673 651 922 697 irracionale,
967 660 1061 687 tunc
1100 660 1302 699 oporteret
1339 663 1487 699 ponere

180 709 353 757 speciem
377 709 573 754 animalis,
607 711 715 757 quod
737 722 817 745 non
840 709 1156 745 communicaret
1180 722 1270 745 cum
1295 708 1488 745 racionali

180 768 240 803 vel
277 766 525 811 irracionali3
565 774 602 802 et
641 779 729 802 cum
770 766 838 802 illa
876 766 1025 814 species
1058 767 1146 814 plus
1180 766 1364 803 convenit
1397 779 1487 803 cum

180 837 258 861 una
296 825 454 861 illarum
494 823 729 871 specierum,
770 837 891 871 quam
933 837 1021 860 cum
1062 825 1200 870 altera,
1235 824 1486 872 relinquitur,

180 883 286 930 quod
319 882 397 918 alia
429 882 477 918 sit
501 881 732 918 differencia
765 881 990 917 communis
1015 883 1105 917 date
1128 881 1274 929 speciei
1299 890 1336 918 et
1358 881 1485 927 alteri,

178 940 270 975 licet
314 939 553 984 differenter,
600 938 702 975 sicut
747 952 769 975 a
811 939 924 975 nobis
976 939 1194 987 plurimum
1240 939 1386 987 ignote.
1440 941 1488 974 Et

180 997 310 1033 minor
342 997 514 1033 racionis
548 1005 656 1044 patet
688 996 761 1032 sic:
796 996 936 1032 Omnis
961 997 1191 1033 differencia
1214 997 1368 1044 generis
1392 996 1486 1032 dicit

178 1054 330 1102 aliquid
374 1063 481 1091 extra
529 1054 733 1090 racionem
782 1054 957 1090 eiusdem
1009 1054 1177 1102 generis,
1225 1063 1261 1091 et
1305 1054 1487 1102 implicat

177 1112 307 1160 ipsum
352 1113 499 1148 habere
547 1112 807 1158 contrarium,
853 1124 874 1147 a
923 1124 1003 1160 quo
1049 1112 1198 1158 differt3
1251 1114 1320 1148 sed
1364 1112 1487 1148 nichil

178 1178 309 1217 potest
347 1182 430 1206 esse
470 1178 576 1206 extra
615 1169 818 1206 racionem
860 1169 974 1215 entis,
1015 1169 1119 1205 sicut
1152 1182 1223 1206 nec
1257 1182 1324 1206 ens
1357 1178 1488 1218 potest

179 1229 324 1264 habere
349 1227 609 1273 contrarium,
634 1240 727 1274 ergo
752 1239 818 1263 ens
842 1227 881 1263 in
905 1240 975 1263 sua
1001 1227 1172 1263 maxima
1195 1227 1486 1263 communitate

176 1298 257 1321 non
295 1293 425 1333 potest
464 1286 609 1321 habere
655 1284 939 1321 differenciam.
992 1287 1092 1321 Nam
1145 1284 1359 1330 racionale‚
1413 1284 1484 1321 etsi

177 1355 258 1379 non
290 1342 395 1379 dicat
428 1342 626 1392 accidens,
661 1342 756 1378 dicit
788 1351 923 1378 tamen
954 1343 1127 1378 formam
1161 1343 1484 1388 substancialem,

178 1413 254 1448 que
291 1413 371 1436 non
410 1409 467 1436 est
504 1412 574 1448 per
606 1412 645 1436 se
684 1400 724 1435 in
762 1412 905 1447 genere
944 1399 1182 1446 substancie,
1217 1409 1253 1436 et
1285 1400 1340 1436 ita
1372 1412 1487 1448 gene-

177 1458 313 1494 raliter
364 1457 540 1505 quelibet
590 1457 821 1493 differencia
871 1457 1097 1493 substancie
1148 1470 1339 1506 corporee
1392 1457 1487 1493 dicit

177 1524 332 1563 partem
366 1514 642 1563 qualitativam
676 1515 765 1551 talis
798 1515 1039 1561 substancie,
1073 1527 1149 1562 que
1189 1524 1246 1551 est
1268 1524 1377 1551 extra
1409 1516 1487 1551 tale

177 1585 319 1620 genus3
358 1585 450 1620 ymo
490 1572 720 1609 differencia
766 1572 995 1609 substancie
1042 1573 1341 1620 generalissime
1387 1573 1485 1609 dicit

178 1640 310 1667 actum
345 1639 381 1666 et
414 1629 657 1678 potenciam,
690 1642 766 1678 que
801 1639 858 1666 est
881 1639 989 1666 extra
1021 1642 1143 1677 genus
1175 1630 1416 1676 substancie,
1450 1639 1487 1666 et

178 1688 233 1724 ita
277 1697 334 1724 est
373 1689 420 1723 de
464 1687 574 1723 omni
618 1700 761 1735 genere
806 1688 1040 1733 accidentis,
1086 1690 1194 1736 quod
1234 1687 1330 1724 dicit
1369 1701 1485 1724 suum

177 1746 422 1791 subiectum3
462 1745 518 1781 sic
557 1745 662 1782 enim
700 1758 782 1781 non
821 1753 952 1793 potest
991 1758 1076 1781 esse
1109 1747 1156 1782 de
1197 1754 1298 1791 ente,
1339 1758 1429 1782 cum
1464 1759 1485 1782 a

176 1804 285 1839 nullo
310 1812 440 1851 potest
464 1815 531 1839 ens
554 1802 791 1851 simpliciter
815 1803 985 1849 differre,
1021 1816 1114 1851 ergo
1148 1812 1222 1840 etc.
1257 1806 1346 1839 Non
1378 1803 1483 1839 enirn

177 1870 311 1908 posset
344 1873 410 1897 ens
443 1860 679 1908 simpliciter
712 1862 858 1897 habere
898 1860 973 1896 nisi
1011 1873 1182 1897 non-ens
1220 1860 1483 1908 intelligibile,

179 1931 271 1966 ergo
305 1931 372 1954 ens
411 1918 650 1966 simpliciter
682 1931 702 1954 a
736 1919 846 1954 nullo
886 1927 1017 1966 potest
1049 1919 1221 1955 differre.
1264 1921 1376 1954 Patet
1409 1920 1484 1955 hoc

179 1988 222 2012 ex
265 1976 394 2022 dictis,
441 1977 548 2024 quod
594 1988 660 2012 ens
706 1985 763 2012 est
803 1976 1178 2012 communissimum
1222 1976 1484 2024 intelligibile,

179 2035 247 2070 sed
292 2046 505 2070 commune
548 2033 623 2069 sibi
664 2042 700 2069 et
739 2046 810 2070 suo
843 2033 1043 2070 differenti
1074 2035 1175 2070 foret
1215 2034 1483 2079 communius,

177 2091 208 2127 si
248 2086 411 2139 aliquod
453 2091 600 2138 poterit
638 2103 721 2128 esse
760 2092 850 2127 tale.
896 2093 988 2128 Ideo
1027 2100 1137 2140 patet
1175 2092 1327 2128 nullum
1368 2104 1484 2139 posse

178 2161 260 2185 esse
292 2149 384 2188 tale.

235 2208 289 2242 Ex
326 2206 410 2243 istis
449 2206 746 2243 incidentaliter
778 2215 899 2255 patet,
934 2208 1043 2255 quod
1074 2219 1148 2243 nec
1180 2208 1481 2253 transcendenS,

177 2276 249 2300 nec
273 2266 378 2300 Deus
402 2273 532 2312 potest
555 2264 732 2300 diffiniri.
764 2266 876 2301 Patet
899 2264 972 2300 sic:
1000 2264 1124 2300 nichil
1147 2273 1279 2312 potest
1303 2264 1481 2310 diffiniri,

177 2321 252 2358 nisi
297 2323 403 2370 quod
451 2331 582 2370 potest
622 2323 767 2358 habere
817 2334 940 2369 genus
985 2331 1021 2358 et
1066 2321 1359 2368 differenciam3
1415 2324 1483 2358 sed

178 2388 363 2423 neutrum
385 2379 553 2416 istorum
577 2388 710 2428 potest
728 2381 874 2416 habere
890 2392 1011 2427 genus
1028 2389 1065 2416 et
1080 2379 1365 2425 differenciam,
1389 2392 1482 2427 ergo

178 2446 363 2473 neutrum
396 2437 560 2474 istorum
602 2446 734 2485 potest
767 2437 943 2474 diffiniri.
978 2438 1018 2474 Si
1052 2437 1156 2473 enim
1182 2440 1286 2475 Deus
1320 2438 1484 2473 haberet

179 2507 323 2542 genus,
350 2505 444 2531 tunc
476 2496 576 2531 illud
608 2508 730 2543 genus
764 2505 865 2531 esset
897 2495 984 2543 ipso
1017 2495 1128 2543 prius
1162 2494 1398 2543 requisitum
1433 2496 1483 2531 ad

179 2544 294 2588 suum
335 2565 430 2598 esse,
472 2561 508 2589 et
546 2552 577 2588 si
616 2553 780 2588 haberet
813 2552 1099 2599 differenciam,
1140 2561 1235 2589 tunc
1266 2565 1347 2588 non
1381 2561 1483 2588 esset

179 2622 335 2646 summe
357 2611 537 2658 simplex,
561 2611 629 2646 sed
651 2610 873 2646 includeret
896 2610 936 2646 in
965 2623 1005 2646 se
1035 2610 1223 2658 possibile
1254 2619 1291 2646 et
1313 2611 1481 2655 actuale,

180 2679 201 2703 a
224 2668 368 2715 quibus
392 2676 629 2715 caperentur
652 2667 717 2703 ille
741 2667 982 2713 differencie,
1008 2669 1116 2716 quod
1140 2676 1197 2704 est
1220 2667 1481 2715 impossibile.

247 2799 273 2835 3,
294 2810 324 2834 4.
347 2782 488 2829 Com-tii
510 2781 592 2830 ciffis
614 2803 690 2837 (sic).
762 2802 805 2830 32.
829 2802 922 2830 Cod..·
945 2802 1012 2838 pzq'
1034 2785 1117 2829 ull-m.

1728 196 1770 232 31

1577 316 1635 342 and
1657 317 1707 343 the

1560 350 1721 377 difference

1559 385 1682 419 implices
1703 394 1718 411 a

1542 424 1684 454 contrary
1704 420 1734 446 in

1519 454 1618 480 which
1640 454 1662 480 it
1682 454 1757 481 does

1514 493 1567 514 not
1588 488 1692 521 share3
1716 489 1769 515 but

1508 522 1556 548 the
1577 527 1699 549 contrat
1742 523 1776 549 of

1533 556 1622 591 being
1642 557 1667 583 is
1688 531 1752 583 th'at

1507 591 1607 618 which
1630 591 1703 617 does
1725 596 1779 618 not

1597 626 1685 652 exist.

1515 2213 1618 2241 Hence
1639 2214 1756 2242 neither

1510 2249 1759 2311 transcttilnedental

1524 2326 1581 2344 nor
1603 2317 1671 2345 God
1693 2326 1747 2345 can

1543 2352 1578 2379 be
1598 2352 1727 2380 defined.
