2056 3234
206 153 288 190 294

212 267 248 294 ΙΙ.
271 264 470 293 Conclusion.

215 301 265 328 All
287 299 467 327 substantial

204 337 284 363 form
300 334 431 369 existing
442 334 480 369 by

227 370 312 398 itselt‘
328 369 458 396 without

249 404 429 478 sset&

247 473 435 501 1nd1V1S1ble.

277 1363 327 1390 III.
349 1362 416 1390 The

208 1397 389 1425 substantial
404 1397 483 1424 form

256 1432 291 1460 of
307 1440 323 1459 a
343 1432 439 1471 living

256 1471 393 1494 creature
413 1475 439 1494 is

235 1502 412 1529 indivisible
431 1510 463 1528 as

275 1542 306 1564 to
327 1545 421 1564 mass.

1022 143 1189 176 Johannis
1215 143 1338 176 Wiclif
1604 140 1731 177 Quaest.
1753 140 1805 168 XI.

553 255 798 290 CONCLUSIO
837 257 1049 287 SEDUNDA:
1084 250 1225 287 Omnis
1252 250 1381 286 forma
1408 249 1688 286 substancialis
1714 262 1807 298 pro-

496 312 616 347 ducta
637 323 708 359 per
740 322 779 347 se
812 318 921 346 stans
954 308 1037 345 sine
1067 308 1145 345 alio
1175 309 1372 356 producto
1400 307 1647 344 subiectante
1670 316 1727 344 est
1750 307 1808 343 in—

496 368 722 415 divisibilis,
747 369 960 416 probatur:
982 366 1111 403 omnis
1135 366 1223 403 talis
1245 375 1301 402 est
1328 365 1579 402 indivisibilis
1608 365 1649 402 in
1675 374 1808 414 partes

495 426 721 475 integrales,
762 438 852 462 cum
893 438 957 462 eas
995 437 1076 461 non
1107 425 1265 470 habeat,
1306 436 1380 460 nec
1419 424 1459 459 in
1497 425 1596 460 duas
1627 432 1806 469 naturas,

495 497 585 521 cum
616 497 698 521 non
722 483 982 532 componitur
1006 495 1050 519 ex
1083 483 1237 519 duabus
1270 481 1437 528 naturis,
1470 494 1544 518 nec
1575 490 1619 517 ut
1651 481 1807 529 signum

494 542 534 579 in
566 542 804 590 significata,
844 554 916 578 nec
954 540 1152 588 reperitur
1190 540 1268 577 alia
1307 539 1602 579 indivisibilitas
1640 551 1719 587 quo
1759 540 1809 575 ad

494 600 715 648 singulares
747 600 918 645 formas3
957 598 1078 646 igitur
1117 597 1322 635 conclusio
1354 610 1459 635 vera.
1506 596 1809 646 Consequencia

494 667 603 706 patet
655 671 699 695 ex
749 657 919 694 notabili
970 657 1159 694 secundo.
1218 659 1273 692 Ex
1324 669 1403 705 quo
1455 655 1648 704 sequitur,
1701 656 1809 703 quod

494 716 748 753 Avincebron
780 724 818 752 et
841 723 981 752 auctor
1003 714 1124 751 fontis
1145 714 1224 751 vite
1248 723 1285 751 et
1313 722 1474 751 sanetus
1496 714 1677 750 Thomas
1700 712 1808 761 equi-

494 783 639 811 vocant
672 775 721 810 de
754 772 1054 821 composicione
1086 772 1228 809 talium
1267 773 1504 817 formarum,
1543 771 1599 807 illi
1632 771 1809 807 dicentes

496 845 579 869 esse
603 831 847 880 compositas
871 844 915 868 ex
940 830 1109 867 materia
1132 830 1331 878 spirituali
1356 838 1392 866 et
1407 830 1550 876 forma,
1575 828 1649 866 iste
1673 828 1808 865 dicens

497 889 685 938 componi
725 898 900 931 exuactu
937 898 974 925 et
1007 888 1209 937 potencia.
1249 891 1351 925 Nam
1384 900 1522 924 verum
1556 896 1614 923 est
1646 899 1808 924 omnem

496 961 578 984 rem
624 949 865 996 productam
910 948 1056 983 habere
1101 959 1230 994 posse,
1277 959 1320 982 ex
1365 958 1444 994 quo
1490 944 1726 994 producitur
1769 944 1810 980 in

498 1005 725 1052 existencia‚
767 1007 876 1054 quod
914 1017 1031 1053 posse
1072 1017 1163 1041 cum
1204 1004 1254 1041 sit
1285 1004 1430 1041 veritas
1463 1012 1600 1040 eterna
1632 1002 1673 1039 in
1705 1002 1810 1039 illius

499 1063 686 1112 producti
717 1064 825 1101 venit
857 1062 1212 1111 composicionem,
1247 1071 1283 1098 et
1316 1074 1387 1110 per
1420 1073 1669 1110 consequens
1701 1061 1810 1098 nulla

499 1121 591 1159 talis
623 1122 755 1159 forma
787 1121 935 1158 dicitur
968 1120 1157 1168 componi
1192 1115 1235 1157 ex
1269 1122 1423 1157 duabus
1456 1119 1624 1157 naturis.

556 1181 884 1217 CORROLARLUM:
917 1178 1059 1216 Omnis
1092 1178 1362 1226 intelligencia
1395 1186 1452 1215 est
1479 1177 1646 1225 simplex
1668 1177 1810 1213 forma.

556 1239 863 1275 CORROLARIUM
896 1243 1139 1272 SECUNDUM:
1180 1239 1268 1273 Non
1308 1236 1505 1284 sequitur:
1540 1233 1810 1283 intelligencia

499 1296 618 1332 habet
652 1295 883 1343 potenciam
917 1296 967 1331 ad
1001 1295 1180 1339 existere,
1215 1294 1336 1342 igitur
1369 1302 1426 1330 est
1460 1292 1680 1330 divisibilis.

558 1355 1001 1405 CONCLusIOUTERcrA:
1051 1352 1193 1389 Omnis
1239 1353 1369 1389 forma
1408 1350 1687 1388 substancialis
1727 1349 1811 1387 ani-

502 1411 597 1448 mati
641 1412 840 1459 producta
886 1419 944 1447 est
988 1410 1239 1448 indivisibilis
1283 1423 1362 1458 quo
1407 1411 1457 1446 ad
1511 1410 1671 1446 molem.
1728 1409 1811 1444 Hec

501 1469 707 1506 conclusio
737 1477 846 1517 patet
869 1469 1002 1517 primo
1026 1482 1096 1517 per
1120 1468 1359 1513 Gilbertum,
1384 1476 1592 1504 auctorem
1616 1479 1680 1503 sex
1702 1465 1811 1514 prin-

501 1527 713 1575 cipiorum,
754 1527 954 1563 dicentem
995 1527 1036 1563 in
1077 1526 1323 1563 diffinicione
1373 1527 1520 1563 forme:
1565 1527 1711 1562 Forma
1754 1532 1812 1560 est

501 1585 791 1634 composicioni
826 1585 1074 1634 contingens,
1109 1584 1283 1633 simplici
1317 1593 1355 1621 et
1385 1583 1611 1621 invariabili
1635 1581 1813 1620 esseneia

571 1750 618 1776 24.
643 1742 738 1770 Cod..·
758 1742 1025 1777 composicionem
1047 1742 1219 1769 continens.

569 1848 601 1881 9.
632 1838 684 1881 Cf.
711 1838 826 1869 Sancti
853 1837 1012 1869 Thomae
1038 1838 1223 1879 Aquinatis
1249 1837 1300 1868 De
1327 1836 1535 1868 Substantiis
1561 1836 1728 1878 separatis
1754 1846 1815 1867 seu

501 1886 552 1916 De
578 1885 794 1926 Angelorum
820 1885 949 1916 Natura
977 1884 1058 1926 [Op.
1076 1884 1179 1925 XIV],
1208 1894 1282 1925 cap.
1301 1884 1331 1915 V
1358 1883 1442 1923 (Ea'.
1464 1884 1585 1916 Parm.
1605 1882 1695 1915 XVI
1710 1883 1816 1922 187).-

593 1932 712 1963 Primo
745 1941 898 1973 namque
932 1930 1126 1963 Avicebron
1161 1932 1195 1962 in
1233 1930 1323 1961 libro
1354 1929 1482 1962 Fontis
1520 1930 1627 1967 vitae,
1665 1928 1815 1961 alterius

500 1977 713 2010 conditionis
745 1977 966 2009 substantias
992 1981 1184 2018 separatas
1213 1977 1332 2018 posuit
1364 1986 1448 2009 esse.
1487 1976 1698 2008 Aestimavit
1723 1976 1813 2007 enim

501 2034 622 2056 omnes
654 2024 873 2056 substantias
912 2024 972 2055 sub
1007 2025 1081 2056 Deo
1115 2024 1330 2055 constitutas
1364 2032 1413 2054 ex
1445 2023 1597 2055 materia
1630 2026 1665 2054 et
1686 2023 1814 2065 forma

502 2070 718 2111 compositas
743 2080 816 2103 esse
838 2096 843 2102 .
864 2095 870 2101 .
892 2095 898 2102 .
926 2069 1010 2111 Cap.
1028 2070 1058 2101 V
1077 2071 1126 2112 (p.
1146 2070 1253 2110 188).·
1283 2069 1529 2110 Comparatur
1547 2069 1639 2101 enim
1660 2068 1815 2100 materia

503 2117 551 2148 ad
577 2118 755 2159 formam,
787 2118 879 2149 sicut
904 2117 1069 2158 potentia
1098 2116 1146 2148 ad
1173 2120 1304 2147 actum.
1342 2115 1578 2158 Manifestum
1606 2118 1657 2147 est
1683 2119 1815 2153 autern,

502 2163 594 2205 quod
613 2164 779 2203 potentia
807 2167 859 2196 est
886 2163 1001 2194 minus
1028 2173 1098 2200 ens,
1126 2172 1232 2204 quam
1252 2166 1356 2194 actus
1374 2186 1381 2193 .
1400 2186 1407 2193 .
1427 2186 1434 2193 .
1454 2166 1609 2203 etqusqu.
1636 2179 1677 2184 —
1705 2164 1816 2193 Accu-

502 2210 620 2241 ratius
646 2209 679 2240 in
706 2210 797 2242 hanc
823 2219 897 2241 rem
931 2210 990 2250 qui
1015 2209 1192 2251 inquirere
1224 2209 1325 2247 volet,
1357 2208 1468 2240 adeat
1494 2217 1582 2249 quae
1608 2207 1651 2239 de
1681 2205 1816 2239 Thoma

502 2256 688 2297 Aquinate,
720 2256 842 2288 sedulo
873 2255 956 2287 libri
981 2255 1087 2288 ‘Fons
1113 2254 1219 2287 vitae’
1247 2255 1411 2296 inscripti
1445 2254 1701 2296 investigatore
1731 2254 1816 2286 scite

503 2303 700 2343 disputavit
739 2303 773 2333 J.
810 2304 1008 2333 Guttmann
1047 2301 1140 2341 „Die
1179 2301 1406 2342 Philosophie
1443 2300 1504 2332 des
1544 2300 1713 2332 Salomon
1754 2299 1815 2331 Ibn

506 2348 686 2387 Gabirol'',
717 2348 896 2390 Gotingae
922 2349 1024 2385 1889,
1052 2358 1090 2389 p.
1119 2348 1202 2388 59f.
1301 2356 1354 2378 21.
1384 2347 1439 2389 Cf.
1468 2345 1610 2377 Gilberti
1638 2346 1814 2377 Porretani

503 2395 568 2426 Sex
595 2394 849 2436 Principiorum
875 2393 945 2434 lib.⁷
974 2404 1047 2435 cap.
1074 2394 1085 2425 I
1112 2393 1195 2433 (Ed.
1224 2393 1333 2426 Arist.
1360 2404 1439 2435 opp.
1470 2393 1550 2425 Ven.
1578 2393 1601 2424 I
1621 2392 1689 2433 31¹)
1719 2392 1816 2424 cuius

503 2441 692 2473 exordium
712 2441 920 2473 verbotenus
938 2441 1115 2481 expressit
1130 2439 1259 2479 Wiclif.
1277 2439 1398 2471 Minus
1416 2439 1450 2470 in
1469 2448 1543 2470 rem
1562 2439 1696 2470 cadunt
1713 2438 1817 2470 verba

502 2487 667 2518 Averrois
699 2487 734 2517 in
765 2487 906 2518 Aristot.
939 2486 1091 2528 Metaph.
1118 2486 1161 2517 VI
1194 2496 1323 2517 comm.
1356 2495 1372 2517 2
1406 2485 1491 2526 (Ed.
1516 2485 1598 2517 Ven.
1623 2484 1710 2516 VIII
1735 2485 1818 2525 69):

502 2533 695 2565 Naturalis
732 2533 822 2565 enim
862 2532 968 2565 habet
1005 2532 1250 2575 consyderare
1287 2532 1330 2564 cte
1365 2531 1486 2573 aliqua
1508 2532 1647 2573 forma,
1685 2530 1818 2563 scilicet

502 2580 571 2619 illa,
599 2589 688 2621 quae
719 2578 944 2619 impossibilis
970 2583 1021 2610 est
1046 2580 1173 2621 absque
1206 2578 1371 2611 materia.
1411 2578 1459 2608 Et
1483 2577 1697 2616 intendebat,
1724 2576 1817 2618 quod

504 2625 683 2657 natur-alis
708 2625 811 2657 habet
837 2625 1083 2667 consyderare
1103 2625 1137 2656 in
1165 2629 1323 2666 utroque,
1349 2625 1477 2656 scilicet
1503 2622 1545 2655 de
1562 2625 1701 2666 forma,
1727 2632 1817 2664 quae

504 2676 554 2704 est
590 2672 623 2703 in
664 2672 831 2710 materia,
874 2675 908 2703 et
945 2672 989 2704 de
1026 2671 1177 2703 materia
1213 2675 1365 2711 propter
1400 2669 1735 2711 consyderationem
1775 2668 1817 2700 de

503 2717 715 2759 composito5
734 2718 797 2750 sed
814 2718 1070 2760 consyderatio
1088 2718 1163 2750 eius
1177 2717 1220 2749 de
1232 2717 1367 2758 formis
1387 2715 1610 2748 naturalibus
1629 2720 1679 2748 est
1691 2715 1814 2757 prima

504 2764 699 2796 intentione
723 2769 757 2796 et
782 2764 825 2796 de
851 2764 1004 2797 materia
1024 2768 1176 2804 propter
1192 2764 1369 2806 formam.

1826 485 1842 518 5

1829 785 1867 807 10

1830 1065 1867 1098 15

1827 1364 1870 1386 20
