2056 3234
160 828 197 848 10

217 189 304 217 CAP.
326 189 434 216 XVUI-
541 192 599 223 DE
627 191 749 223 ENTE
777 192 1198 226 PREDICAMENTALI.

217 307 254 334 et
286 297 325 333 in
360 299 406 334 de
441 301 647 345 Conceptu
673 297 882 345 Virginali,
917 298 1095 347 capitulo
1128 308 1285 347 quarto.
1323 302 1435 337 Unde
1468 301 1523 337 sic

216 355 353 391 scribit
385 355 424 391 in
457 357 505 392 de
539 355 766 392 Concordia
801 356 890 391 130:
934 359 1049 393 “Non
1092 366 1149 393 est
1183 357 1287 393 enim
1322 358 1523 395 iniusticia

216 413 388 461 qualitas
412 423 479 450 aut
512 413 646 461 aliqua
681 412 869 460 essencia‚
893 415 970 457 ,sed
994 423 1149 450 tantum
1174 415 1362 452 absencia
1392 415 1522 452 debite

216 470 384 517 iusticie,
408 484 480 507 nec
504 479 560 507 est
582 470 657 506 nisi
681 470 721 507 in
742 471 959 518 voluntate,
984 472 1051 508 ubi
1076 474 1192 508 debet
1216 485 1298 509 esse
1321 473 1521 519 iusticia'’;

216 530 323 576 quod
368 528 517 565 dictum
563 528 756 576 intelligo,
803 530 911 576 quod
950 542 1031 566 non
1072 539 1130 566 est
1168 530 1208 566 in
1241 530 1428 578 operibus
1462 544 1522 567 ex-

214 585 409 633 trinsecis,
453 585 530 622 nisi
574 585 684 634 prius
728 586 846 622 fuerit
890 586 929 622 in
974 588 1191 624 voluntate.
1239 590 1352 625 Unde
1397 598 1520 637 patet,

214 645 323 691 quod
354 643 602 690 Aristoteles,
648 656 793 680 vocans
832 644 1076 681 iniusticiam
1111 655 1147 682 et
1181 646 1258 682 alia
1290 646 1391 683 vicia
1425 660 1521 695 qua—

213 701 358 747 litates,
393 702 603 750 equivocat
627 703 674 737 ab
699 702 905 748 Anselrno,
928 702 1151 750 Augustino
1176 712 1213 740 et
1236 703 1323 740 aliis
1347 704 1521 740 doctori-

213 761 298 805 bus,
332 759 399 807 qui
432 759 659 806 intelligunt
691 759 786 795 talia
809 759 1014 807 privative.
1050 762 1164 797 Unde
1183 761 1416 798 Aristoteles
1440 775 1520 798 non

213 816 363 852 diceret
402 817 572 853 infantes
612 825 726 853 natos
759 816 799 852 in
832 817 1016 865 originali
1057 827 1223 866 peccato
1261 819 1395 856 statim
1437 832 1520 856 esse

212 874 395 920 iniustos,
428 887 500 911 nec
533 874 748 911 heremitas
780 875 839 911 vel
872 874 987 912 aliter
1021 876 1259 913 desides-ad
1293 877 1519 914 faciendum

212 933 318 980 quod
352 933 510 978 debent,
545 944 627 968 esse
660 931 847 979 iniustos;
881 934 949 969 sed
982 942 1139 970 tantum
1172 935 1342 981 adultos,
1377 935 1444 984 qui
1478 948 1521 972 ex

212 989 363 1026 astucia
396 999 584 1037 generata
618 1002 660 1026 ex
693 989 848 1026 iniustis
882 990 1070 1039 operibus
1103 991 1250 1029 iniusta
1284 1002 1419 1041 agunt,
1460 993 1520 1029 vel

212 1047 391 1084 iudicant
423 1047 491 1093 ita,
537 1049 644 1096 quod
684 1047 886 1085 iniusticia
919 1049 1107 1096 respiciat
1139 1050 1325 1087 iniuriam
1367 1050 1520 1087 homini

179 1105 359 1142 §factam
408 1118 477 1153 per
525 1114 635 1141 actus
683 1105 887 1153 positivos.
941 1108 1115 1144 Econtra
1162 1117 1295 1144 autem
1344 1109 1519 1156 theologi

213 1162 336 1199 alcius
376 1172 413 1199 et
452 1163 604 1199 reccius
643 1163 845 1210 locuntur,
892 1166 1169 1212 concedentes,
1215 1167 1323 1214 quod
1362 1166 1520 1203 iusticia

212 1230 249 1257 et
293 1220 493 1257 iniusticia
536 1221 815 1269 principaliter
859 1221 1078 1270 respiciunt
1123 1223 1405 1260 rectitudinem
1451 1233 1520 1261 aut

212 1278 493 1326 obliquitatem
538 1279 615 1315 vite
660 1292 739 1327 quo
784 1281 834 1316 ad
868 1282 1011 1326 Deum,
1056 1281 1123 1327 ita,
1170 1283 1278 1329 quod
1327 1282 1519 1318 innocens

213 1336 378 1384 proprio
412 1336 578 1373 instanti
611 1336 670 1372 sui
705 1350 789 1373 esse
823 1347 881 1373 est
914 1337 1040 1374 iustus
1074 1348 1110 1374 et
1143 1339 1183 1375 in
1216 1339 1363 1387 gracia,
1403 1349 1453 1386 et,
1488 1340 1519 1376 si

212 1395 373 1430 caderet
404 1394 548 1430 virtute
584 1395 726 1431 morali
751 1404 787 1431 et
811 1397 1194 1445 quomodocumque
1218 1397 1363 1433 iniuste
1386 1398 1519 1434 vivens

211 1461 342 1499 preter
365 1451 542 1488 divinum
568 1452 861 1500 beneplacitum
887 1462 944 1489 est
966 1453 1148 1500 iniustus,
1184 1455 1295 1491 cuius
1318 1455 1519 1491 iniusticia

211 1519 268 1546 est
301 1509 484 1546 carencia
518 1509 768 1546 rectitudinis
791 1510 888 1556 vite;
923 1519 959 1547 et
982 1511 1038 1547 sic
1071 1521 1330 1560 opponuntur
1361 1513 1519 1550 iusticia

211 1577 247 1604 et
286 1567 488 1603 iniusticia
532 1567 743 1616 privative3
787 1570 855 1605 sed
900 1570 1118 1605 secundum
1152 1570 1410 1607 Aristotelem
1449 1584 1518 1618 op-

211 1634 416 1673 ponuntur
449 1625 661 1662 contrarie.
712 1628 838 1673 Unde,
879 1627 1060 1674 quamvis
1094 1641 1173 1676 quo
1207 1630 1257 1664 ad
1290 1629 1518 1665 considera-

210 1683 367 1719 cionem
408 1684 627 1720 humanam
662 1693 823 1732 possent
857 1684 1040 1721 homines
1075 1697 1158 1722 esse
1191 1687 1321 1723 neutri
1355 1700 1434 1735 quo
1467 1688 1517 1723 ad

210 1741 464 1789 propositum
505 1741 734 1790 positivum,
780 1751 916 1779 tamen
955 1756 1034 1791 quo
1069 1745 1117 1780 ad
1152 1746 1294 1790 Deum,
1340 1757 1420 1781 non
1460 1753 1517 1781 est

209 1798 458 1835 neutralitas.

267 1858 353 1893 Istis
386 1856 590 1905 premissis
623 1858 786 1905 planum
822 1867 892 1905 est,
938 1860 1045 1906 quod
1084 1860 1239 1895 nullum
1274 1873 1341 1896 ens
1374 1873 1445 1908 per
1476 1873 1516 1896 se

208 1914 248 1950 in
270 1927 413 1962 genere
437 1924 494 1951 est
527 1915 847 1963 inseparabiliter
872 1917 1036 1962 malurn,
1070 1930 1161 1953 cum
1185 1918 1315 1954 omnis
1337 1917 1515 1966 privacio

209 1972 257 2008 sit
291 1972 465 2009 defeccio
500 1982 607 2009 extra
640 1985 776 2021 genus,
824 1982 859 2010 et
897 1975 1051 2010 nullum
1092 1987 1160 2011 ens
1199 1975 1421 2023 principale
1459 1985 1516 2012 est

210 2031 373 2077 malum,
418 2030 493 2066 nisi
538 2030 607 2067 tali
648 2030 820 2067 malicia.
867 2031 1045 2067 Primum
1086 2044 1179 2080 ergo
1222 2034 1385 2078 malurn,
1425 2046 1515 2070 cum

208 2100 287 2124 non
322 2097 452 2135 potest
486 2088 613 2125 inesse
647 2091 730 2125 Deo
769 2089 992 2125 formaliter
1035 2102 1108 2126 nec
1147 2090 1265 2126 alicui
1305 2091 1416 2139 operi
1455 2103 1517 2127 ex-

208 2145 396 2192 trinseco,
421 2146 522 2182 inest
545 2146 758 2191 voluntati3
784 2147 990 2194 quodlibet
1014 2148 1117 2183 enim
1144 2157 1250 2185 extra
1268 2149 1515 2185 voluntatem

209 2204 357 2239 malum
405 2216 484 2239 non
530 2212 586 2240 est
634 2204 877 2250 huiusmodi,
924 2204 997 2241 nisi
1043 2205 1082 2241 in
1122 2206 1423 2253 comparicione
1467 2208 1517 2242 ad

152 2261 167 2292 3
208 2262 453 2297 voluntatem
495 2273 554 2307 eo,
600 2263 708 2309 quod
753 2261 943 2309 privacio,
990 2276 1066 2310 que
1111 2263 1314 2300 iniusticia
1359 2264 1516 2310 dicitur,

200 2329 288 2354 'non
333 2327 463 2366 potest
502 2319 629 2355 inesse
667 2319 873 2367 primarie,
918 2319 993 2356 nisi
1026 2320 1095 2367 illi,
1143 2321 1205 2357 cui
1247 2321 1377 2369 primo
1416 2321 1517 2358 inest

208 2375 432 2412 flexibiliter
471 2389 554 2413 esse
594 2376 755 2423 iustum,
803 2379 910 2425 quod
950 2379 1078 2414 solum
1113 2388 1170 2415 est
1203 2380 1323 2416 homo
1356 2381 1416 2416 vel
1450 2392 1518 2415 an-

207 2434 317 2481 gelus
349 2435 568 2470 secundum
604 2434 830 2482 potenciam
857 2435 1081 2482 volitivam;
1114 2438 1181 2472 sed
1210 2436 1419 2484 permissio
1446 2436 1517 2473 Dei

276 2552 317 2577 14.
341 2536 483 2572 Com-1⁶11
496 2537 597 2572 ”idicssr
619 2537 741 2572 iudicfit.

282 2626 307 2646 ῐ.
342 2616 394 2656 Cf.
422 2617 504 2648 Ans.
531 2617 580 2647 Dc
608 2617 786 2658 Conceptu
812 2618 989 2658 Virginali,
1023 2628 1096 2659 cap.
1116 2619 1144 2649 V
1171 2619 1253 2660 (non
1283 2618 1344 2659 IV)
1378 2619 1518 2661 (Asigne

210 2661 266 2692 (Il,
278 2661 362 2692 VIII
386 2662 494 2703 433).·
522 2686 528 2692 .
549 2689 555 2694 .
578 2688 584 2694 .
609 2661 729 2699 Quare
756 2663 853 2694 nulla
880 2664 1034 2695 essentia
1062 2669 1113 2696 est
1145 2665 1277 2696 iniusta
1306 2674 1374 2705 per
1399 2674 1434 2697 se
1453 2688 1460 2695 .
1480 2688 1488 2695 .
1507 2688 1514 2696 .

207 2707 387 2739 Iniustitia
419 2713 536 2740 autem
570 2709 713 2741 omnino
753 2709 838 2741 nihil
876 2713 937 2749 est,
976 2710 1063 2741 sicut
1101 2710 1269 2742 caecitas.
1308 2711 1387 2742 Non
1422 2711 1512 2743 enim

207 2753 307 2784 aliud
339 2759 388 2785 est
421 2754 588 2794 caecitas,
627 2764 733 2796 quam
768 2755 929 2787 absentia
962 2756 1066 2793 visus,
1106 2757 1162 2788 ubi
1194 2757 1293 2788 debet
1326 2766 1399 2788 esse
1426 2780 1459 2787 ..
1479 2780 1486 2787 .
1506 2780 1513 2787 .

189 2803 310 2839 'etqsq.
407 2809 437 2840 7.
467 2801 520 2842 Cf.
547 2800 648 2837 Arist.
676 2801 748 2832 Cat.
775 2800 806 2840 f),
831 2800 868 2831 18
895 2801 987 2842 (vide
1011 2811 1120 2844 supra
1142 2804 1228 2844 'pag¹
1252 2804 1347 2843 168).

1735 198 1802 234 171

1565 1867 1614 1893 No
1637 1867 1725 1902 being
1748 1867 1774 1893 is

1566 1902 1720 1937 generally
1742 1902 1773 1929 in

1583 1937 1669 1964 itself
1685 1937 1754 1969 bad,

1541 1971 1624 1999 since
1645 1971 1798 2006 privatior]

1542 2006 1568 2033 is
1589 2011 1642 2033 not
1661 2015 1677 2033 a
1698 2006 1795 2033 defect

1589 2041 1619 2068 in
1640 2049 1746 2076 genus.
