2056 3234
206 194 293 221 CAP.
315 193 410 221 xvn·
530 197 589 228 DE
616 197 739 228 ENTE
767 196 1187 228 PREDICAMENTALI.
1725 191 1792 226 161

205 302 271 338 illa
309 315 389 337 non
426 310 556 349 potest
594 302 679 338 fieri
719 301 792 338 nisi
831 301 870 338 in
910 304 1078 348 bonum3
1125 314 1218 350 ergo
1261 314 1333 339 nec
1379 303 1513 350 aliqua

205 359 294 395 alia.
330 359 483 395 Dicitur
516 360 628 405 forte,
663 361 771 407 quod
803 360 902 396 velle
933 361 962 395 B
997 367 1053 396 est
1086 361 1249 405 bonum,
1283 359 1384 396 sicut
1416 361 1513 397 velle

205 417 344 464 equari
378 419 461 453 Deo
496 426 552 454 est
586 419 749 463 bonum,
790 430 880 453 cum
915 418 989 453 hoc
1023 417 1215 465 competit
1248 417 1422 463 Christo,
1456 430 1514 453 se-

206 476 381 510 cundum
415 474 513 510 illud
537 474 719 523 Apostoli
749 476 797 511 ad
827 474 926 511 Phil.
953 478 1017 511 20:
1053 476 1184 521 „Cum
1218 474 1257 510 in
1292 476 1419 511 forma
1443 475 1512 511 Dei

172 537 318 577 ὅθεεθῖ,
352 545 433 568 non
467 532 651 580 rapinam
685 533 902 569 arbitratus
926 541 983 569 est
1008 545 1091 569 esse
1115 545 1154 568 se
1178 533 1361 580 equalem
1388 534 1511 569 Deo.'⁷

204 591 490 626 Verumtamen
523 603 603 626 non
636 602 755 626 omne
786 591 885 627 velle
918 592 946 626 Β
981 599 1036 627 θεῖ
1069 592 1232 636 bonum,
1278 590 1379 627 sicut
1417 591 1515 627 velle

205 647 344 695 equari
389 650 472 684 Deo
525 649 646 684 modo
711 661 790 695 quo
836 647 993 684 Lucifer
1044 648 1182 694 voluit,
1237 657 1294 684 est
1346 649 1510 684 malum.

203 706 493 741 Verumtamen
530 719 611 742 non
652 714 708 741 est
741 718 811 753 per
844 718 884 741 se
918 707 1082 752 malum,
1129 705 1222 753 quia
1267 715 1361 742 tunc
1407 719 1515 742 com-

204 771 355 810 peteret
402 763 475 799 toti
521 763 667 811 speciei
716 763 820 799 illius
864 763 1085 800 volucionis
1128 763 1368 811 inquantum
1424 763 1514 800 talis

152 820 368 868 10species,
414 823 522 868 quod
567 829 624 857 est
669 821 826 868 falsum,
873 834 963 858 cum
1009 821 1166 858 animus
1199 821 1347 858 Christi
1390 821 1515 858 voluit

205 878 401 914 conformi
435 878 566 926 specie
589 879 810 915 volucionis
833 892 948 915 suum
973 879 1223 927 suppositum
1249 879 1386 927 equari
1410 881 1513 925 Deo;

203 935 304 972 sicut
337 948 430 984 ergo
466 936 537 973 iste
570 949 688 972 nasus
720 936 1042 985 inseparabiliter
1071 945 1128 973 est
1150 936 1287 983 simus,
1321 936 1413 973 licet
1434 949 1515 973 non

205 1006 275 1041 per
318 1006 372 1041 se,
418 994 474 1030 sic
518 994 676 1031 volucio
711 995 882 1031 Luciferi
927 1004 983 1031 est
1026 995 1349 1043 inseparabiliter
1394 995 1513 1042 mala,

204 1051 296 1087 licet
327 1064 408 1088 non
441 1064 511 1100 per
543 1064 596 1088 se.

152 1114 187 1146 15
263 1111 412 1145 Contra
444 1109 542 1145 illud
575 1110 644 1146 sic.
690 1109 811 1157 Signo
849 1109 948 1145 illud
980 1110 1167 1156 volubile,
1215 1111 1321 1159 quod
1357 1109 1513 1146 Lucifer
1557 1116 1636 1156 Hoyv
1657 1116 1779 1144 Lucifer

204 1167 342 1214 voluit,
377 1179 448 1215 per
480 1169 523 1214 Β,
562 1176 604 1203 ut
637 1167 827 1215 primum,
862 1177 899 1204 et
931 1176 1027 1204 noto
1061 1169 1245 1215 gradum,
1279 1180 1357 1216 quo
1390 1167 1514 1204 voluit
1529 1151 1803 1221 ρὲζζίιξῗῐῇοριξά,

204 1224 315 1270 illud,
352 1234 388 1261 et
420 1237 559 1273 quero,
592 1234 726 1261 utrum
759 1225 833 1262 fuit
865 1225 1053 1273 possibile
1086 1228 1115 1262 Β
1140 1238 1224 1262 θεεθ
1257 1227 1408 1262 bonum
1442 1227 1514 1261 sub

204 1284 330 1330 gradu
376 1283 676 1331 proporcionali
710 1284 759 1319 ad
792 1285 824 1319 A
855 1283 1126 1330 volucionem,
1171 1283 1203 1319 si
1236 1283 1291 1319 sic
1324 1283 1514 1331 possibile

205 1349 318 1387 esset,
353 1342 461 1389 quod
487 1354 576 1377 cum
601 1340 800 1388 aliquibus
823 1340 1140 1377 circumstanciis
1165 1341 1394 1378 Luciferum
1417 1342 1515 1377 velle

149 1400 234 1435 20ss
259 1400 330 1434 sub
364 1400 459 1435 dato
494 1400 620 1446 gradu
653 1407 753 1435 esset
784 1400 947 1445 bonum,
983 1411 1076 1447 ergo
1109 1399 1240 1447 ipsum
1274 1408 1384 1436 tante
1415 1400 1515 1436 velle

205 1458 234 1492 Β
267 1469 347 1492 non
381 1465 437 1492 est
474 1456 796 1505 inseparabiliter
842 1457 1007 1493 malum.
1054 1456 1095 1493 Si
1128 1457 1298 1503 dicatur,
1345 1459 1453 1505 quod
1486 1459 1515 1493 Β

204 1527 284 1550 non
316 1522 447 1562 potest
481 1527 563 1550 esse
596 1514 961 1562 proporcionaliter
994 1516 1144 1551 bonum
1179 1516 1229 1551 ad
1260 1514 1515 1551 volucionem

207 1571 392 1618 Luciferi,
438 1581 532 1608 tunc
576 1572 769 1621 sequitur,
816 1574 924 1620 quod
955 1572 1114 1609 volucio
1149 1573 1320 1609 Luciferi
1354 1582 1411 1609 est
1443 1572 1516 1608 irn-

204 1629 419 1677 possibilis,
465 1630 559 1678 quia
591 1630 820 1678 aliqualiter
853 1631 1018 1678 appetit,
1065 1630 1238 1678 qualiter
1270 1643 1351 1667 non
1383 1639 1516 1679 potest

149 1693 187 1725 25
205 1699 301 1733 esse,
348 1689 455 1735 quod
500 1687 739 1735 supponitur
783 1687 846 1724 hic
890 1700 972 1724 esse
1016 1688 1285 1736 impossibile3
1334 1688 1515 1736 quamvis

205 1745 310 1781 enim
343 1746 527 1781 voluntas
561 1745 609 1781 sit
649 1745 901 1793 possibilium
947 1747 1168 1782 secundum
1215 1745 1310 1794 quid
1350 1759 1420 1794 per
1453 1759 1516 1782 ac-

207 1802 342 1839 cidens
366 1811 433 1839 aut
457 1816 536 1851 quo
570 1804 620 1839 ad
653 1816 737 1849 nos,
772 1812 814 1840 ut
848 1812 956 1852 patet
990 1803 1115 1840 tercio
1138 1804 1389 1850 Ethicorum,
1424 1817 1514 1840 cum

204 1860 327 1897 nichil
359 1870 489 1908 potest
521 1861 620 1897 velle
653 1862 836 1897 absolute
870 1861 1132 1909 impossibile,
1167 1875 1257 1898 cum
1282 1875 1363 1898 non
1386 1870 1516 1910 potest

204 1931 397 1966 apparere
431 1930 514 1954 esse
546 1920 710 1965 bonum,
744 1928 891 1965 tamen,
927 1919 1020 1968 quia
1044 1922 1149 1956 Deus
1183 1933 1263 1956 non
1295 1928 1426 1967 potest
1458 1919 1516 1955 in-

148 1975 354 2021 30clinare
394 1978 444 2012 ad
477 1976 532 2012 sic
564 1977 794 2024 volendum,
840 1977 1048 2025 potissime
1086 1990 1188 2014 unus
1229 1978 1392 2025 angelus
1432 1986 1515 2014 tam

204 2034 350 2070 sciolus
394 2043 438 2070 ut
483 2034 653 2080 Lucifer,
706 2048 787 2071 non
831 2035 1031 2083 desipiens
1076 2035 1116 2070 in
1162 2048 1306 2083 penam
1360 2034 1515 2083 peccati

206 2091 454 2139 precedentis
487 2105 569 2128 non
600 2092 726 2128 voluit
760 2105 842 2129 esse
876 2095 1000 2138 Deus;
1045 2101 1140 2129 tunc
1174 2093 1279 2129 enim
1315 2106 1425 2129 error
1458 2093 1516 2129 in-

204 2150 441 2186 tellectualis
473 2149 698 2186 intellectus
732 2151 904 2187 Luciferi
944 2152 1176 2198 precederet
1214 2151 1389 2199 primum
1425 2163 1515 2199 pec-

207 2216 340 2244 catum
375 2221 491 2244 suum
525 2207 566 2243 in
597 2208 816 2244 voluntate.

150 2269 188 2303 35
262 2267 354 2301 Ideo
388 2265 593 2302 sentencia
626 2266 825 2302 catholica
858 2266 1037 2302 Anselmi
1070 2266 1110 2302 in
1134 2268 1190 2302 De
1215 2268 1318 2303 Casu
1343 2266 1513 2314 Dyaholi
1536 2273 1657 2300 Lucifer
1678 2273 1798 2313 de'sired

198 2323 381 2371 »capitulo
416 2325 461 2359 60
496 2332 566 2369 est,
601 2325 709 2371 quod
744 2323 901 2360 Lucifer
934 2324 1058 2361 voluit
1091 2337 1215 2360 unum
1251 2325 1400 2361 bonum
1435 2324 1515 2360 sive
1535 2308 1799 2370 goqlqoffiiitngigean

204 2381 406 2428 possibile,
439 2383 507 2417 sed
540 2381 779 2428 inordinate,
814 2391 850 2417 et
884 2381 924 2417 in
957 2383 1033 2418 hoc
1066 2382 1258 2430 peccavit.
1548 2378 1786 2439 ’Ἰζέῑζξξὲεὴτῃᾞὲ

1548 2447 1624 2473 view
1646 2447 1703 2473 and
1726 2448 1749 2474 it
1767 2447 1793 2474 is

1600 2482 1741 2508 catholic.

276 2569 321 2595 24.
345 2562 439 2589 Coci.:
467 2562 660 2597 alliqualiter.
735 2561 777 2597 37.
801 2562 896 2591 Cod.:
924 2563 983 2591 Sed
1006 2561 1082 2605 [3952.

274 2678 306 2709 4.
339 2669 488 2711 Philipp.
521 2671 554 2708 2,
589 2672 619 2701 6.
736 2679 785 2700 12.
819 2670 939 2711 simus]
978 2670 1031 2712 Cf.
1063 2670 1165 2701 Arist.
1198 2668 1413 2711 Metaph.VI
1442 2668 1471 2709 5,
1500 2671 1515 2703 3

208 2715 290 2753 (Ed.
311 2715 390 2746 Par.
411 2716 547 2754 11542,
565 2718 608 2747 16
626 2716 699 2755 ss.).
797 2716 849 2748 23.
879 2716 932 2758 Cf.
959 2717 1061 2747 Arist.
1088 2715 1165 2749 Eth.
1192 2716 1233 2747 HI
1263 2717 1278 2748 3
1308 2715 1369 2756 (5),
1389 2726 1408 2757 7
1435 2716 1517 2756 (Ed.

207 2761 291 2793 Par.
318 2761 355 2792 II
374 2762 420 2792 27
438 2762 486 2792 49
502 2764 587 2804 sq.).·
616 2762 702 2792 Τῶν
727 2759 757 2791 δ’
773 2759 986 2804 ἀνθρώπων
1010 2759 1155 2794 ἕκαστοι
1179 2761 1413 2804 βουλεύονται
1437 2759 1519 2803 περὶ

192 2808 280 2838 Δτῶν
311 2804 346 2837 δί
376 2805 499 2839 αὐτῶν
528 2809 699 2850 πρακτῶν
731 2813 834 2850 atque
860 2809 968 2841 etiam
996 2809 1079 2841 ibid.
1104 2819 1127 2849 4
1153 2808 1203 2850 (ὅ)
1231 2813 1263 2841 et
1291 2807 1306 2840 5
1335 2809 1398 2849 (7),
1422 2808 1517 2840 1—5.

1341 2874 1375 2896 11
