2056 3234
215 170 265 205 90

946 167 1169 198 JOHANNlS
1196 166 1363 197 WICLlF
1656 163 1743 190 CAP.
1765 163 1815 190 IX.

503 273 813 312 contrarietatis.
860 275 941 309 Nec
981 281 1141 321 oportet
1186 272 1378 309 solicitari
1423 272 1530 309 circa
1575 272 1816 321 quiditatem

503 342 648 379 motus,
695 333 908 377 credendo,
943 333 1052 380 quod
1096 331 1181 379 ipse
1225 330 1450 367 formaliter
1490 330 1619 366 dictus
1652 330 1701 366 sit
1734 344 1818 367 mo-

503 392 594 437 bile,
629 390 724 439 quia
748 397 903 426 certum
938 398 1010 435 est,
1035 390 1144 437 quod
1178 388 1327 424 mobile
1352 390 1571 424 secundum
1597 388 1815 434 racionem,

503 463 581 498 qua
614 447 825 485 actualiter
849 456 1046 493 movetur,
1082 455 1139 483 est
1164 446 1403 483 mutativum
1428 455 1509 483 tam
1534 459 1671 482 sensus
1696 459 1816 494 quam

502 508 741 551 intellectus,
776 505 976 553 gignendo
1009 504 1049 540 in
1082 504 1169 552 ipso
1193 517 1338 541 novam
1361 504 1573 550 noticiam,
1609 513 1666 540 est
1692 505 1852 541 eciamss

502 574 545 601 ut
578 565 633 601 sic
666 562 941 612 generativum
976 562 1134 609 caloris,
1168 561 1362 608 sanitatis,
1405 561 1493 598 soni
1527 571 1564 598 et
1597 563 1817 598 multorum

503 622 697 660 similium
733 622 962 668 effectuum,
997 634 1078 657 non
1111 621 1240 657 solum
1286 620 1547 666 naturalium,
1581 621 1649 656 sed
1682 633 1820 668 super-

503 680 763 726 naturalium,
801 688 841 715 ut
885 692 929 715 ex
962 687 1075 715 motu
1108 691 1198 715 meo
1244 677 1442 726 contingit
1476 690 1539 714 me
1584 678 1728 714 mereri
1761 679 1821 715 vel

505 739 716 786 demereri,
762 738 829 774 ubi
882 737 1124 785 quiescendo
1168 737 1230 773 vel
1281 736 1481 773 contrarie
1526 748 1589 773 me
1635 737 1820 772 habendo

504 797 694 846 opposito
728 798 849 833 modo
884 808 948 832 me
972 796 1176 832 haberem.
1212 795 1304 831 Ideo
1338 803 1490 830 certum
1526 802 1597 840 est,
1631 796 1739 842 quod
1764 802 1821 830 est
1841 806 1879 827 10

506 869 629 892 unum
663 855 832 891 formale
877 853 1140 899 accidentale,
1174 865 1254 901 quo
1289 852 1434 889 mobile
1480 852 1703 889 formaliter
1736 865 1820 888 mo-

505 924 630 956 vetur,
664 922 707 949 ut
740 912 892 949 dictant
926 924 1077 956 sensus,
1112 910 1222 947 racio
1247 919 1284 946 et
1316 910 1447 947 omnis
1480 910 1671 946 sciencia.
1708 912 1821 947 Unde

505 972 737 1009 Aristoteles
760 972 937 1007 secundo
959 969 1231 1017 Topicorum:
1267 969 1397 1006 “sicut
1427 967 1640 1016 disciplina
1661 981 1743 1004 non
1767 976 1823 1005 est

506 1030 819 1078 disciplinatum,
853 1029 908 1065 sic
942 1040 1014 1064 nec
1048 1036 1179 1063 motus
1205 1035 1261 1063 est
1286 1026 1480 1072 mobile'’;
1516 1035 1552 1062 et
1575 1027 1751 1062 secundo
1775 1027 1823 1062 de

507 1088 642 1125 anima
683 1088 780 1124 1330
814 1086 944 1135 querit
976 1085 1257 1133 Philosophus,
1299 1097 1421 1135 quare
1461 1085 1654 1120 habemus
1687 1085 1821 1132 plures
1844 1085 1879 1117 15

506 1159 656 1183 sensus.
716 1148 763 1182 Et
810 1145 1025 1193 respondet
1070 1145 1178 1191 quod
1230 1145 1306 1180 hoc
1349 1142 1440 1179 ideo
1486 1151 1554 1188 est,
1600 1150 1643 1178 ut
1687 1142 1824 1179 omnia

508 1204 712 1242 sensibilia
736 1203 902 1252 propria
935 1210 1245 1250 cognoscantur,
1281 1210 1317 1238 et
1341 1200 1552 1237 distinccio
1576 1200 1822 1237 sensibilium

509 1262 802 1308 communium,
843 1270 885 1298 ut
926 1269 1059 1297 motus
1092 1259 1218 1308 figure
1258 1268 1294 1296 et
1327 1258 1484 1296 numeri
1517 1271 1539 1295 a
1571 1257 1825 1295 sensibilibus

509 1321 696 1370 propriis.
741 1322 796 1356 Ex
836 1321 911 1356 hoc
945 1318 1065 1363 enim,
1099 1319 1209 1366 quod
1249 1316 1452 1354 sensibilia
1484 1316 1731 1362 communia,
1772 1316 1827 1353 sic

511 1388 641 1416 motus
676 1377 951 1415 indifferenter
975 1376 1232 1425 cognoscitur
1255 1378 1303 1412 ab
1337 1375 1524 1412 omnibus
1558 1374 1825 1420 sensibllibus,
1843 1386 1884 1407 20

509 1448 546 1474 et
578 1450 684 1474 nunc
718 1449 787 1485 per
822 1449 862 1472 se
895 1437 944 1472 ab
977 1447 1057 1471 uno
1091 1434 1347 1483 cognoscitur
1380 1446 1518 1470 eorum
1554 1432 1765 1469 distinccio
1804 1445 1826 1469 a

508 1496 689 1533 sensibus
714 1493 907 1543 propriis;
942 1502 979 1530 et
1002 1493 1057 1530 ita
1081 1493 1281 1529 discurrat
1303 1492 1569 1540 philosophus
1593 1503 1663 1539 per
1687 1503 1826 1527 omnes

509 1553 702 1590 sciencias
747 1561 784 1589 et
821 1551 1050 1600 specialiter
1089 1564 1160 1600 per
1204 1550 1398 1587 sciencias
1444 1549 1544 1586 citra
1588 1550 1825 1595 abstractas,

510 1621 547 1649 et
580 1610 766 1657 inveniet,
805 1612 913 1660 quod
945 1622 1086 1647 omnes
1120 1616 1427 1658 presupponunt
1461 1616 1616 1644 motum
1652 1620 1747 1644 esse.

585 1830 634 1851 10.
664 1820 717 1861 Cf.
750 1819 853 1850 Arist.
886 1817 975 1859 Top.
1009 1818 1035 1848 ΙΙ
1067 1827 1100 1858 4,
1135 1818 1151 1850 3
1186 1817 1269 1858 (Ed.
1303 1818 1388 1849 Par.
1415 1816 1434 1848 I
1457 1818 1531 1854 190,
1559 1816 1634 1857 Ῑ4);
1675 1813 1775 1847 Ἐπει
1799 1813 1830 1846 δ’

510 1864 716 1907 ἀναγκαῖον,
744 1859 796 1896 ὧν
820 1862 861 1896 τὸ
886 1863 989 1905 γένος
1012 1864 1274 1918 κατηγορεῖναι,
1300 1861 1360 1894 καὶ
1386 1864 1460 1894 τῶν
1485 1859 1593 1894 εἰδῶν
1620 1873 1653 1893 τι
1678 1872 1829 1903 κατηγο-

511 1912 669 1954 ρεῖσθαι,
695 1909 755 1943 καὶ
787 1907 855 1943 ὅσα
887 1908 957 1953 ἔχει
988 1906 1028 1941 τὸ
1059 1908 1161 1951 γένος
1193 1906 1214 1951 ἢ
1249 1908 1474 1952 παρανύμως
1506 1905 1578 1940 ἀπὸ
1610 1910 1674 1940 τοῦ
1706 1906 1831 1964 γένους

509 1957 671 2015 λε’γεται.
693 1983 727 1991 ..
754 1969 775 1999 η
808 1955 1032 1999 παρανύμως
1063 1954 1134 1988 ἀπό
1168 1967 1265 1994 τινος
1296 1958 1370 1988 τῶν
1402 1953 1510 1987 εἰδῶν
1541 1953 1719 1996 λέγεσθαι,
1752 1950 1832 1986 οἷον

511 2003 547 2037 εἰ
569 2016 665 2042 τινος
690 2001 866 2046 ἐπιστήμη
892 2003 1154 2045 κατηγορεῖται
1181 2010 1241 2034 και
1260 1998 1486 2045 γοαμματικὴ
1506 1997 1527 2043 ἢ
1546 1998 1697 2056 μονσικὴ
1717 1997 1738 2042 ἢ
1757 2003 1832 2032 τῶν

510 2050 627 2083 ἄλλων
652 2062 706 2088 τις
730 2047 939 2092 ἐπιστημῶν
964 2048 1314 2091 κατηγορηθήσεται,
1340 2060 1399 2080 και
1425 2046 1462 2080 εί
1474 2058 1527 2085 τις
1545 2045 1614 2090 ὲχει
1632 2044 1832 2089 ἐπιστήμην

512 2094 532 2139 ἢ
558 2097 791 2140 παρωνύμως
815 2093 887 2128 ἀπὸ
914 2098 977 2138 τῆς
1002 2092 1199 2138 ἐπιστήμης
1224 2094 1372 2136 λέγεται,
1403 2092 1463 2126 καὶ
1488 2091 1736 2137 γραμματικὴν
1761 2090 1832 2148 «ἕξει

512 2141 532 2186 ἢ
564 2141 739 2186 μουσικὴν
769 2141 794 2184 ἤ
826 2153 907 2174 τινα
938 2145 1012 2173 τῶν
1044 2140 1162 2174 ἄλλων
1205 2138 1419 2197 ἐπιστημῶν
1445 2152 1466 2182 η
1498 2139 1724 2182 παρανόμως
1755 2137 1827 2171 ἀπό

512 2201 608 2228 τινος
633 2188 756 2221 αὐτῶν
782 2187 1002 2240 ῥηθήσεται,
1021 2183 1100 2220 οἷον
1124 2186 1369 2242 γραμματικὸς
1394 2185 1419 2229 ἤ
1443 2184 1623 2242 μουσικός.
1654 2183 1741 2217 Ἐὰν
1766 2182 1832 2218 οὖν

512 2248 546 2269 τι
580 2237 670 2279 τεθῆ
708 2233 898 2277 λεγόμενον
936 2231 1008 2266 ἀπὸ
1047 2237 1111 2267 τοῦ
1147 2233 1273 2276 γένους
1310 2231 1480 2273 ὁποσοῦν,
1519 2228 1597 2265 οἷον
1625 2230 1690 2274 τὴν
1713 2229 1833 2275 ψυχὴν

512 2283 705 2325 κινεῖσθαι,
743 2282 889 2314 σκοπεῖν
927 2278 957 2313 εἰ
994 2280 1086 2312 κατά
1123 2291 1157 2312 τι
1194 2283 1268 2312 τῶν
1306 2277 1414 2312 εἰδῶν
1450 2282 1524 2311 τῶν
1555 2282 1619 2321 τῆς
1658 2277 1833 2320 κινήσεως

512 2327 692 2373 ἐνδέχεται
706 2325 788 2383 την
820 2325 939 2370 ψυχὴν
969 2327 1161 2367 κινεῖσθαι,
1193 2322 1273 2359 οἷον
1304 2324 1483 2366 αὔξεσθαι
1513 2322 1534 2367 ἢ
1561 2323 1786 2367 φθείρεσθαι
1813 2336 1832 2366 η

512 2375 678 2417 γινεσθαι
703 2372 724 2417 ἢ
751 2371 819 2406 ὅσα
845 2373 928 2405 αλλο
955 2372 1129 2416 κινήσεως
1155 2372 1243 2415 εἴδη.
1353 2372 1402 2404 15.
1431 2374 1484 2415 Cf.
1514 2373 1614 2404 Arist.
1640 2372 1692 2403 Dc
1718 2372 1833 2402 anima

513 2423 553 2454 ΙΙΙ
579 2433 588 2453 1
622 2423 671 2463 (in
699 2422 778 2454 edd.
806 2420 960 2460 antiquis
986 2420 1025 2452 II
1047 2425 1131 2453 sect.
1158 2421 1234 2451 133
1245 2429 1311 2477 ,15ᾳῖ
1340 2419 1403 2450 Ed.
1424 2420 1508 2450 Ρα).
1528 2418 1589 2450 III
1604 2419 1690 2457 462,
1715 2419 1737 2448 8
1755 2418 1831 2455 ss.:)

513 2466 605 2500 Lu&
630 2466 701 2510 μὴν
726 2465 811 2500 οὐδὲ
842 2469 916 2498 τῶν
948 2469 1081 2498 κοινῶν
1112 2461 1192 2498 οιόν
1223 2464 1252 2497 τ’
1279 2459 1370 2497 ε’ἶναι
1401 2461 1665 2519 αἰσθητήριον
1669 2474 1701 2495 τι
1726 2461 1832 2503 ἴδιον,

515 2511 566 2547 ὧν
597 2511 726 2557 ἑκάστη
759 2511 921 2555 αἰστήσει
946 2509 1206 2554 αἰσθανόμεθα
1238 2509 1328 2543 κατα
1362 2507 1593 2564 συμβεβηκὸς,
1627 2505 1705 2541 οιον
1736 2508 1832 2551 κινή-

515 2572 606 2599 σεως
638 2559 809 2600 στάσεως,
842 2558 1031 2601 σχήματος,
1064 2557 1254 2605 μεγέθους,
1286 2556 1458 2600 ἀριθμοῦ,
1491 2553 1586 2594 ἑνὸς’
1620 2558 1734 2587 ταῦτα
1765 2553 1832 2597 γὰρ

514 2607 632 2639 πάντα
668 2616 805 2648 κινησει
836 2602 1097 2647 αἰσθανόμεθα
1135 2600 1230 2644 (οἷον
1265 2601 1420 2646 μὲγεθος
1457 2602 1593 2645 κινήσει
1618 2627 1734 2639 .....
1772 2612 1832 2633 και

515 2655 590 2691 τοῖς
622 2651 743 2690 ἰδίοις·
777 2649 906 2694 εκάστη
938 2650 1005 2693 γὰρ
1043 2648 1081 2683 ἐν
1118 2648 1335 2682 αἰσθάνεται
1368 2648 1555 2691 αισθησις·
1591 2647 1682 2681 ὥστε
1714 2647 1832 2691 δῆλον,

516 2696 572 2731 ὅτι
596 2698 778 2731 ἀδύνατον
804 2696 959 2730 ὁτουοῦν
984 2695 1081 2729 ἰδίαν
1106 2696 1289 2739 αι’σθησυν
1316 2690 1408 2728 εἶναι
1440 2695 1590 2736 τούτων,
1626 2691 1706 2727 οἷον
1736 2692 1832 2746 κινή-

517 2756 623 2782 σεως·
656 2745 752 2777 οὕτω
786 2756 852 2788 γαρ
884 2742 985 2776 ἔσται
1018 2742 1137 2786 ὥσπερ
1172 2745 1237 2775 νῦν
1270 2744 1311 2785 τῆ
1345 2741 1428 2784 ὄψει
1459 2742 1497 2774 τὸ
1525 2739 1632 2783 γλυκὺ
1658 2737 1831 2772 αἰσθανό-

516 2792 638 2834 μεθα.
660 2817 666 2823 .
688 2792 782 2824 aava.
