2056 3234
248 176 298 212 80
970 185 1193 217 JOHANNIS
1218 186 1386 217 WICLIF
1685 184 1773 212 CAP.
1793 185 1844 212 ix.

533 290 644 326 accio
678 299 749 336 est,
782 292 1001 327 secundum
1036 304 1157 339 quam
1189 291 1229 327 in
1262 292 1315 337 id,
1349 293 1455 339 quod
1488 291 1694 338 subicitur,
1728 304 1844 340 agere

533 347 717 384 dicimur.

330 412 431 451 Three
590 408 644 441 Ex
672 405 748 442 ista
781 406 1056 454 descripcione
1080 415 1217 454 patent
1250 407 1339 443 tria.
1375 406 1566 454 Primum,
1601 409 1709 455 quod
1733 407 1843 443 accio

247 448 510 508 1,C{;⁰0⁶}958¹32¹1{511
534 463 605 499 Dei
645 465 695 499 ad
732 463 838 500 intra
875 465 936 500 vel
975 466 1025 500 ad
1065 473 1173 500 extra
1211 477 1292 500 non
1330 473 1388 500 est
1425 477 1496 513 per
1534 477 1574 501 se
1614 465 1654 500 in
1697 477 1841 513 genere

244 517 297 578 ng}
317 516 403 577 ἓξὲξ
420 517 519 577 iiffiser
535 520 723 557 accionis.
765 523 879 558 Patet
913 534 957 558 ex
990 523 1078 568 hoc,
1120 523 1226 570 quod
1260 535 1379 558 omne
1412 522 1596 559 accidens
1628 535 1699 570 per
1732 535 1772 558 se
1804 522 1875 558 inf

296 586 345 612 the
365 594 461 625 genus
533 591 677 627 genere
716 579 883 627 requirit
916 593 1030 615 suum
1066 579 1287 616 subiectum
1318 592 1388 627 per
1421 592 1460 616 se
1493 580 1533 615 in
1565 592 1720 628 genere.
1767 581 1844 616 Sed

325 626 437 647 acuon.
534 638 609 673 hoc
648 649 729 673 non
765 645 897 684 potest
931 640 1013 674 Deo
1054 646 1296 686 competere,
1343 650 1436 685 ergo
1478 638 1587 673 nulla
1627 637 1739 674 accio
1773 637 1844 673 Dei

534 703 591 731 est
630 707 700 742 per
732 707 771 731 se
810 694 850 731 in
888 707 1044 743 genere.
1090 697 1181 731 Ideo
1222 695 1353 731 omnis
1393 695 1505 732 accio
1539 695 1610 731 Dei
1650 697 1697 731 ad
1738 695 1842 731 intra

533 753 593 789 vel
626 754 675 788 ad
706 761 813 788 extra
847 762 904 789 est
928 766 1028 801 pura
1062 753 1209 789 relacio
1235 753 1424 799 racionis,
1459 766 1547 789 cum
1582 753 1621 789 in
1645 756 1730 789 Deo
1763 766 1844 789 non

534 810 583 846 sit
606 810 757 858 aliquid
782 819 914 858 preter
948 811 1181 857 essenciam,
1217 820 1253 847 et
1286 811 1326 847 in
1359 820 1450 847 acto
1485 811 1581 847 dicit
1613 811 1839 847 ordinatam
1864 825 1901 846 10

534 868 740 904 accionem
775 868 990 916 passivam,
1024 882 1102 917 qua
1125 869 1256 917 posita
1290 869 1439 905 claudit
1472 868 1839 905 contradiccionem

536 925 741 963 accionem
788 926 960 963 activam
1007 927 1078 963 Dei
1123 940 1203 963 non
1247 926 1354 975 poni.
1395 928 1685 963 Verumtamen
1731 926 1842 963 accio

535 983 692 1032 passiva
736 984 900 1032 propria
945 986 1235 1032 correspondet
1279 984 1442 1032 agencie
1482 984 1552 1020 Dei
1597 985 1658 1020 vel
1704 984 1841 1032 apcius

535 1041 746 1078 causancie
789 1043 850 1078 vel
895 1042 1102 1079 movencie
1148 1042 1238 1089 Dei3
1290 1042 1602 1090 transsumptive
1654 1042 1757 1078 enim
1806 1050 1842 1078 et

536 1100 728 1148 equivoce
761 1099 908 1136 dicitur
940 1102 1046 1137 Deus
1080 1112 1196 1147 agere
1230 1101 1279 1136 ad
1313 1109 1419 1136 extra
1454 1113 1544 1136 cum
1577 1100 1645 1136 illa
1678 1099 1898 1147 agenciaiss

536 1166 592 1194 est
637 1156 785 1194 relacio
830 1157 1018 1204 racionis,
1069 1167 1105 1194 et
1152 1158 1283 1194 omnis
1326 1158 1487 1206 proprie
1528 1157 1634 1194 dicta
1678 1157 1842 1204 agencia

535 1215 630 1251 dicit
654 1215 940 1262 substanciam,
974 1224 1241 1264 apponentem
1265 1216 1395 1251 nisum
1421 1217 1470 1251 ab
1495 1216 1716 1251 extrinseco
1740 1215 1843 1250 limi-

534 1282 699 1319 tantem,
734 1282 776 1309 ut
810 1273 898 1309 finis
922 1274 1098 1310 efficiens
1131 1273 1351 1310 accionem.
1387 1275 1501 1310 Unde
1535 1286 1656 1309 omne
1679 1273 1842 1321 proprie

534 1344 654 1379 agens
678 1331 846 1379 apponit
867 1331 944 1367 vim
970 1331 1244 1379 impedibilem
1270 1340 1307 1367 et
1329 1331 1624 1367 fortificabilem
1651 1344 1692 1367 ex
1717 1330 1843 1379 appli-

535 1389 698 1425 cacione
729 1390 798 1426 vel'
830 1389 978 1425 unione
1013 1391 1061 1426 ad
1102 1402 1322 1437 paucorum
1359 1389 1688 1437 occupacionem,
1735 1390 1841 1436 quod
1859 1404 1901 1425 20

535 1447 708 1483 alienum
746 1456 802 1483 est
836 1460 858 1483 a
892 1449 989 1493 Deo,
1029 1460 1118 1484 cum
1153 1447 1238 1495 ipse
1271 1460 1351 1483 non
1391 1447 1559 1495 apponit
1592 1447 1668 1484 vim
1705 1446 1840 1494 fatiga-

534 1505 652 1541 bilem
688 1506 748 1541 vel
783 1505 1072 1552 impedibilem,
1105 1506 1173 1541 sed
1196 1518 1311 1541 suum
1336 1518 1465 1553 agere,
1500 1505 1531 1540 si
1555 1505 1730 1553 ponitur,
1763 1517 1844 1540 non

534 1572 678 1611 potest,
712 1562 787 1598 nisi
822 1563 952 1610 ipsum
987 1572 1023 1599 et
1056 1562 1223 1611 positive
1254 1563 1315 1599 vel
1348 1562 1572 1599 ordinative
1605 1571 1739 1599 actum
1773 1562 1842 1607 sic,

534 1622 640 1668 quod
676 1623 780 1657 Deus
803 1634 884 1657 non
917 1630 1051 1668 posset
1081 1622 1128 1656 de
1162 1620 1348 1668 potencia
1371 1634 1442 1657 sua
1474 1621 1659 1657 absoluta
1681 1632 1844 1668 suspen-

534 1680 627 1714 dere
660 1678 866 1715 accionem
892 1691 1005 1714 suam
1031 1678 1107 1714 illis
1132 1678 1286 1726 positis,
1321 1678 1423 1715 sicut
1446 1687 1577 1726 potest
1601 1680 1844 1726 suspendere
1862 1681 1901 1714 25

534 1736 740 1773 accionem
776 1749 894 1773 cause
918 1738 1090 1773 secunde
1124 1736 1255 1784 posita
1278 1749 1533 1784 quacumque
1566 1736 1844 1784 applicacione

535 1803 571 1830 et
605 1794 876 1842 disposicione
915 1795 1100 1830 absoluta
1133 1794 1173 1829 in
1206 1807 1337 1842 passo.
1384 1796 1475 1830 Ideo
1509 1803 1619 1842 patet
1653 1807 1695 1830 ex
1729 1793 1844 1829 dictis

535 1854 583 1888 de
616 1852 829 1898 relacione,
864 1854 971 1900 quod
1005 1852 1169 1900 agencia
1203 1852 1274 1888 Dei
1307 1853 1357 1888 ad
1392 1861 1499 1888 extra
1532 1861 1589 1888 est
1623 1853 1670 1887 de
1702 1863 1845 1899 genere

535 1910 748 1946 relacionis
780 1923 861 1946 non
894 1923 964 1958 per
997 1923 1038 1946 se
1071 1910 1111 1946 in
1144 1910 1212 1946 illo
1245 1922 1401 1960 genere,
1436 1911 1505 1946 sed
1537 1923 1608 1957 per
1640 1909 1846 1945 reduccio-

534 1981 641 2014 nem,
689 1981 777 2004 cum
828 1968 876 2004 sit
916 1968 1063 2004 relacio
1110 1968 1296 2014 racionis,
1343 1977 1378 2004 et
1424 1968 1499 2004 ista
1539 1967 1743 2004 conclusio
1787 1975 1844 2003 est
1862 1973 1903 2005 30

537 2025 657 2062 michi
688 2027 803 2062 valde
836 2026 1039 2073 notabilis,
1074 2027 1196 2074 quod,
1229 2026 1330 2062 sicut
1354 2028 1459 2061 Deus
1493 2035 1550 2061 est
1583 2035 1690 2061 extra
1722 2038 1845 2073 genus

535 2084 776 2130 substancie,
811 2084 866 2120 sic
900 2096 1019 2120 omne
1051 2084 1126 2120 sibi
1150 2083 1374 2120 formaliter
1407 2083 1618 2119 inexistens
1648 2092 1705 2119 est
1739 2091 1846 2119 extra

535 2154 657 2190 genus
691 2142 912 2190 quodlibet.

247 2206 346 2242 Every
365 2206 464 2245 act-ion
486 2206 512 2233 is
594 2200 778 2236 Secundo
819 2208 942 2248 patet,
982 2201 1088 2247 quod
1123 2212 1204 2236 non
1238 2199 1316 2236 alia
1356 2208 1413 2235 est
1447 2198 1557 2235 accio
1590 2199 1717 2235 forme
1756 2200 1846 2234 sub-

248 2241 509 2303 stffgtfflbssltssfffiffi
536 2257 739 2294 stancialis
761 2258 821 2294 vel
844 2257 1074 2303 accidentis,
1104 2253 1108 2310 Ι
1138 2257 1329 2305 quoniam
1356 2256 1467 2293 accio
1498 2256 1626 2293 tocius
1650 2256 1845 2304 suppositi
1862 2261 1900 2291 F.
1921 2270 1985 2301 209

273 2311 491 2372 {ffefflgcffdderffi
538 2324 573 2351 et
606 2328 677 2363 per
710 2328 957 2363 consequens
996 2328 1069 2351 nec
1103 2328 1247 2362 corpus
1280 2327 1352 2351 nec
1392 2315 1528 2351 anima
1562 2315 1641 2362 agit
1682 2314 1846 2362 aliquid,

537 2373 611 2408 nisi
635 2373 799 2409 accione
831 2373 960 2409 tocius
985 2373 1212 2421 compositi.
1248 2375 1361 2409 Patet
1395 2385 1437 2408 ex
1462 2373 1550 2418 hoc,
1585 2373 1691 2420 quod
1717 2371 1847 2408 omnis

537 2431 648 2467 accio
682 2440 738 2467 est
772 2443 887 2478 agere
921 2431 1161 2477 substancie,
1194 2432 1261 2467 sed
1294 2431 1404 2467 nulla
1427 2430 1556 2466 forma
1589 2429 1847 2466 accidentalis

541 2497 597 2524 est
631 2488 884 2533 substancia3
926 2489 1103 2537 quelibet
1136 2497 1269 2524 autem
1309 2489 1438 2524 forma
1472 2487 1752 2523 substancialis
1792 2496 1849 2523 est

537 2548 675 2582 eadem
709 2546 950 2591 substancia,
987 2559 1062 2594 que
1100 2559 1215 2582 suum
1240 2546 1476 2592 subiectum,
1511 2546 1688 2592 nullique
1720 2545 1905 2589 forme4o

537 2604 796 2640 substanciali
835 2605 895 2640 vel
927 2617 998 2640 suo
1038 2604 1217 2640 subiecto
1252 2605 1431 2649 debetur,
1471 2612 1512 2638 ut
1546 2603 1600 2638 sic
1642 2603 1754 2638 accio
1787 2603 1847 2639 vel

606 2783 641 2810 15.
665 2783 761 2811 Cod..·
786 2784 811 2811 i²
830 2774 892 2825 selo
913 2784 1047 2817 agencia.
1127 2783 1169 2811 33.
1194 2783 1284 2810 Cod.:
1307 2783 1466 2818 quotlibet.
