2056 3234
247 174 324 208 252
1027 181 1193 214 Johannis
1219 182 1341 213 Wiclif
1643 181 1768 216 Quaest.
1791 181 1843 209 lV.

533 287 802 336 philosophie,
849 300 938 324 cum
986 287 1099 324 dixit:
1161 287 1345 324 Felicitas
1391 298 1447 325 est
1490 298 1616 326 status
1660 291 1840 328 omnium

533 346 730 381 bonorum
769 345 1018 394 aggregative
1058 346 1269 393 perfectus,
1311 354 1347 382 ct
1376 347 1447 383 hec
1480 356 1645 384 vocatur
1674 348 1842 386 felicitas

531 403 780 451 aggregative
812 416 904 440 una.

276 468 327 507 ΙΙΙ.
348 467 409 495 For
428 468 478 507 the
587 460 730 497 Tercio
767 462 887 497 modo
926 461 1097 497 sumitur
1135 460 1303 497 felicitas
1348 461 1522 498 hominis
1568 476 1640 510 pro
1685 464 1842 501 obiecto

242 503 505 570 0¹1¹¹fi¹1¹1{{}311c'bv{7‘²j'1³1t.
529 518 684 566 optimo
707 518 886 568 possibili
908 519 1125 556 voluntatis
1148 520 1335 565 humane,
1360 519 1465 556 circa
1488 522 1608 568 quod,
1633 529 1839 570 tamquam

257 571 495 634 Whihcilinisielqud
530 576 635 613 circa
669 577 751 614 eius
775 577 974 613 obiectum
1000 577 1199 625 optimum
1224 576 1427 625 possibile,
1460 578 1640 615 voluntas
1669 580 1842 617 hominis

529 636 646 671 debet
670 647 849 671 exercere
873 635 1072 683 optimum
1107 644 1239 671 actum
1276 636 1511 682 humanum,
1547 635 1614 684 qui
1647 637 1841 675 obiective

529 693 569 729 in
607 692 735 741 ipsum
776 693 1028 739 terminatur,
1075 702 1112 729 et
1159 694 1229 729 hec
1272 694 1636 741 panthonomasiva
1673 695 1841 732 felicitas

530 751 703 787 hominis
726 750 921 788 obiectiva
945 751 1184 799 appellatur,
1216 763 1291 800 que
1315 760 1372 787 est
1396 753 1500 787 Deus
1523 751 1607 799 ipse
1629 752 1838 800 gloriosus,

240 814 307 842 The
326 815 465 851 capacity
484 815 518 842 of
587 810 773 846 Secundo
812 818 921 855 noto,
967 810 1074 857 quod
1113 809 1314 856 capacitas
1354 809 1554 857 appetitus
1595 811 1759 847 humani
1799 811 1838 848 in

252 849 501 919 afssgtilssffirssasshe
528 867 738 915 proposito
773 875 829 903 est
853 868 1024 915 quedam
1050 867 1237 914 potencia
1260 867 1461 915 appetitus
1485 867 1665 915 humani,
1699 881 1838 906 secun-

241 919 512 985 ffts'ssffglgyfghff?
527 926 620 960 dum
646 938 764 973 quam
796 925 996 972 appetitus
1029 925 1228 960 humanus
1252 925 1452 973 appetitus
1477 934 1533 961 est
1557 938 1698 973 capere
1722 939 1837 963 suum

322 988 430 1023 object.
527 983 725 1019 obiectum
760 984 981 1019 secundum
1007 984 1171 1019 modum
1196 982 1395 1031 exigencie
1428 983 1611 1031 potencie
1645 983 1836 1022 eiusdem.

266 1045 313 1072 To
334 1046 444 1084 satiate·
460 1045 486 1073 is
583 1040 727 1077 Tercio
764 1049 874 1086 noto,
917 1042 1025 1088 quod
1065 1040 1266 1088 appetitus
1310 1042 1510 1077 humanus
1554 1051 1611 1077 est
1655 1043 1838 1080 voluntas

255 1080 304 1142 fpor
320 1081 496 1150 ἑιζῗρξῖῗῑξῒ
527 1099 716 1144 humana,
750 1108 792 1134 ut
826 1107 882 1134 est
913 1107 1006 1146 apta
1040 1107 1229 1146 appetere
1261 1111 1376 1134 suum
1410 1098 1612 1135 obiectum
1646 1099 1719 1136 sibi
1743 1114 1836 1148 pro-

318 1158 433 1184 power.
526 1156 770 1205 porcionale.
807 1158 960 1202 Quarto
983 1165 1093 1201 noto,
1119 1158 1227 1204 quod
1250 1157 1403 1193 saciare
1426 1166 1485 1193 est
1513 1156 1618 1193 aliud
1649 1158 1836 1195 saciabile

526 1215 747 1251 secundum
780 1214 1091 1262 proporcionem
1131 1214 1308 1262 recipere
1347 1227 1463 1251 suum
1503 1215 1712 1252 saciatum.
1759 1218 1836 1253 Sed

526 1272 620 1321 quia
658 1273 730 1308 hec
762 1271 985 1320 descripcio
1016 1272 1173 1308 videtur
1204 1281 1339 1320 petere
1370 1272 1629 1320 principium,
1663 1285 1754 1310 cum
1787 1274 1838 1311 sit

526 1329 641 1379 quasi
664 1342 707 1366 ex
731 1342 831 1378 eque
864 1329 1023 1378 ignotis,
1057 1329 1179 1378 igitur
1212 1329 1315 1376 dico,
1349 1332 1457 1379 quod
1489 1330 1641 1367 saciare
1674 1331 1714 1367 in
1747 1344 1838 1380 pro-

527 1388 658 1436 posito
682 1397 739 1424 est
762 1387 963 1424 obiectum
988 1387 1155 1424 alicuius
1178 1388 1376 1436 potencie,
1401 1390 1568 1425 eandem
1592 1390 1835 1437 potenciam,

527 1446 638 1482 cuius
672 1455 729 1482 θεῖ
761 1446 978 1488 obiectum,
1007 1446 1199 1494 quietare.
1234 1448 1282 1482 Et
1314 1446 1368 1483 sic
1401 1446 1577 1495 aliquem
1612 1447 1835 1495 appetitum

526 1505 642 1552 plene
681 1513 718 1540 et
754 1503 795 1540 in
834 1512 920 1540 toto
965 1503 1118 1540 saciare
1157 1513 1214 1540 est
1253 1504 1428 1553 aliquam
1463 1516 1547 1540 rem
1587 1506 1835 1542 voluntatem

526 1563 745 1598 humanam
786 1562 903 1609 plene
940 1570 977 1598 et
1015 1561 1055 1597 in
1094 1570 1181 1598 toto
1213 1575 1285 1598 suo
1319 1562 1518 1599 desiderio
1552 1562 1733 1610 quietare
1766 1563 1834 1609 sic,

526 1621 633 1668 quod
665 1619 757 1656 talis
789 1620 975 1656 voluntas
1007 1619 1147 1657 omnia
1179 1619 1269 1665 alia,
1304 1633 1381 1668 que
1415 1620 1628 1667 desiderat,
1669 1630 1835 1669 propter

524 1677 653 1726 ipsam
696 1690 780 1714 rem
814 1678 1031 1723 desiderat,
1071 1687 1107 1714 et
1140 1678 1180 1714 in
1213 1677 1283 1714 tali
1316 1690 1357 1714 re
1391 1678 1618 1715 desiderata
1650 1679 1834 1715 voluntas

524 1737 700 1772 humana
743 1734 858 1771 sistat
902 1735 971 1780 sic,
1016 1744 1059 1772 ut
1099 1735 1270 1772 finaliter
1308 1749 1378 1772 suo
1419 1735 1617 1772 desiderio
1656 1736 1835 1785 quiescat

523 1793 563 1829 in
596 1794 749 1830 eadem.
785 1795 832 1829 Et
864 1806 935 1841 per
967 1795 1117 1830 bonum
1152 1796 1374 1830 humanum
1408 1794 1582 1830 hominis
1614 1794 1655 1830 in
1685 1807 1833 1843 propo-

523 1851 599 1887 sito
633 1851 821 1899 intellego
855 1853 1005 1888 bonum
1030 1852 1192 1888 scientis
1227 1861 1263 1888 et
1297 1864 1339 1888 ex
1364 1852 1565 1888 eleccione
1598 1853 1646 1888 ab
1671 1853 1833 1889 homine

521 1909 770 1957 acquisibile.

237 1970 260 1997 1.
281 1970 348 1997 The
368 1971 501 2018 appetite
580 1969 825 2004 CONCLUSIO
857 1974 997 2002 PRIMA:
1037 1967 1230 2004 Possibile
1263 1977 1320 2004 est
1353 1967 1577 2015 appetitum
1611 1969 1830 2004 humanum

232 2013 305 2067 ξζἯ,
322 2005 505 2075 ffiissssugffig
521 2024 665 2061 saciari
706 2026 811 2061 bono
852 2025 977 2062 finito.
1024 2027 1241 2062 Probatur:
1291 2025 1483 2061 Possibile
1516 2035 1573 2062 est
1606 2026 1831 2073 appetitum

253 2074 483 2137 Ῐξζξιξὲξῆἃῖᾞῖζ
522 2083 743 2119 humanum
790 2083 961 2131 quietari
1005 2097 1027 2120 a
1071 2085 1177 2120 bono
1217 2083 1329 2119 finito
1369 2083 1438 2129 sic,
1484 2085 1591 2131 quod
1630 2083 1831 2131 appetitus

266 2144 338 2180 only
359 2143 470 2179 object.
522 2142 720 2177 humanus
766 2142 916 2177 bonum
962 2141 1119 2178 finitum
1167 2141 1365 2178 desideret
1411 2150 1447 2177 et
1486 2141 1525 2177 in
1566 2154 1611 2178 eo
1651 2142 1831 2189 quiescat

522 2198 590 2245 sic,
625 2200 733 2247 quod
767 2199 904 2235 omnia
937 2199 1026 2244 alia,
1067 2211 1143 2247 que
1177 2199 1387 2244 desideret,
1421 2199 1556 2247 gracia
1590 2199 1705 2236 huius
1729 2199 1830 2236 desi-

522 2258 644 2299 deret,
691 2265 728 2292 et
767 2258 874 2305 quod
912 2257 991 2293 tale
1035 2259 1184 2293 bonum
1229 2256 1460 2293 finalissime
1505 2256 1702 2293 desideret
1748 2270 1829 2294 non

521 2323 686 2362 propter
700 2314 807 2351 aliud
830 2317 994 2351 bonurn.
1019 2315 1141 2363 Igitur
1164 2314 1369 2351 conclusio
1392 2327 1498 2351 vera.
1523 2315 1829 2363 Consequencia

522 2381 631 2420 patet
676 2384 718 2408 ex
766 2372 861 2421 quid
910 2373 1084 2410 nominis
1139 2372 1267 2419 huius,
1313 2374 1421 2421 quod
1465 2381 1521 2409 est
1565 2372 1731 2419 saciare,
1785 2382 1828 2409 ut

522 2429 761 2477 premissum
797 2439 855 2467 est
886 2430 926 2467 in
959 2430 1127 2467 notabili
1151 2439 1308 2478 quartO,
1342 2432 1409 2467 sed
1439 2432 1549 2467 abest
1572 2443 1642 2478 per
1665 2443 1826 2467 causam

521 2489 568 2524 de
600 2488 805 2525 voluntate
838 2497 1010 2534 errante,
1045 2501 1121 2537 que
1155 2488 1326 2524 finaliter
1360 2488 1513 2536 appetit
1544 2489 1605 2525 vel
1638 2497 1826 2537 appetere

519 2554 650 2593 potest
683 2545 847 2595 aliquod
881 2548 1031 2583 bonum
1065 2545 1283 2582 infinitum.
1318 2545 1440 2594 Igitur
1465 2573 1473 2581 .
1500 2575 1506 2582 .
1533 2575 1540 2582 .

228 2606 503 2636 11.Yetitcann0t
576 2604 820 2639 CONCLUSIO
851 2611 1061 2639 SECUNDA:
1107 2603 1358 2652 Impossibile
1398 2612 1453 2640 est
1493 2603 1714 2651 appetitum
1756 2604 1826 2640 hu-

228 2643 503 2705 satigtgdxiiiiffiut
519 2674 682 2697 manum
715 2660 876 2698 racione
910 2670 947 2698 et
979 2661 1291 2708 racionabiliter,
1325 2662 1440 2709 plene
1474 2670 1509 2697 et
1538 2661 1714 2698 totaliter
1742 2661 1825 2697 sine

319 2720 414 2739 error.
519 2731 652 2755 errore
684 2720 732 2755 ab
766 2718 901 2767 aliquo
935 2719 1047 2755 finito
1077 2721 1183 2756 bono
1212 2719 1368 2756 saciari.
1403 2720 1600 2755 Probatur
1629 2719 1698 2765 sic,
1732 2719 1825 2767 quia

518 2776 680 2813 racione
699 2786 735 2813 et
751 2776 1021 2824 racionaliter,
1046 2777 1128 2813 sine
1150 2789 1297 2822 errore,
1321 2778 1437 2825 plene
1459 2785 1495 2813 et
1509 2775 1687 2813 totaliter
1701 2776 1825 2813 nichil

1859 525 1876 558 5

1860 825 1898 846 ΙΟ

1857 1103 1893 1135 15

1854 1402 1895 1424 20

1846 2259 1886 2292 35

1839 2559 1885 2590 40
