2056 3234
243 180 293 227 78
961 187 1185 219 JOHANNIS
1210 187 1378 219 Wlfflin:
1648 184 1736 212 CAP.
1757 185 1839 212 vm.

240 300 514 341 TheArjstotelian
531 295 628 339 luta,
662 302 698 329 et
730 293 862 341 primo
887 294 1122 330 deducendo
1146 295 1196 330 ad
1219 293 1516 339 inconveniens,
1551 294 1581 329 si
1604 294 1839 331 Aristoteles

267 336 490 407 dssvcgyicgatslgt
530 351 723 388 intellexit
767 363 907 387 omnes
947 351 1141 387 terminos
1189 353 1240 387 ad
1278 351 1450 388 invicem
1490 353 1562 387 sub
1602 352 1838 388 habitudine

285 405 462 467 ξῐξνῃοῐῖξζζοὲ
531 422 644 446 casus
678 421 761 445 esse
800 409 986 446 relativos
1019 408 1225 445 terminos.
1269 411 1370 445 Nam
1412 418 1506 445 tunc
1545 409 1644 445 tales
1677 410 1838 446 termini

252 475 379 514 relation
399 475 425 501 is
445 479 497 501 too
530 466 758 503 substancia
792 475 828 502 et
869 466 1055 503 accidens
1096 475 1225 503 essent
1263 467 1425 503 termini
1459 466 1627 513 relativi,
1668 467 1769 503 sicut
1802 476 1839 503 et

331 509 420 536 wme.
530 537 668 561 omnes
708 523 792 560 istis
831 524 1052 570 inferiores,
1093 533 1130 561 et
1162 524 1218 561 sic
1257 524 1488 561 substancia
1526 533 1568 560 ut
1608 525 1836 561 substancia
1859 529 1869 534 ’

530 582 686 618 dicetur
718 583 768 618 ad
801 582 968 630 aliquid,
1009 591 1045 618 et
1079 594 1198 618 omne
1232 582 1417 618 accidens
1450 583 1551 618 foret
1585 581 1625 618 in
1657 582 1838 630 predica-

531 649 665 676 mento
698 639 922 676 relacionis.
957 639 1146 688 Sequitur
1170 639 1290 686 enim,
1323 639 1354 676 si
1378 639 1530 688 aliquid
1559 648 1617 676 est
1640 640 1838 685 accidens,

531 697 661 746 ipsum
695 706 753 734 est
775 697 1003 734 substancie
1035 697 1213 734 subiecte
1238 697 1437 743 accidens,
1472 706 1508 734 et
1541 697 1573 734 si
1605 697 1757 746 aliquid
1781 707 1839 734 est

531 755 772 801 substancia,
813 755 944 804 ipsum
984 764 1041 792 est
1086 755 1303 792 accidentis
1342 755 1586 801 substancia,
1632 765 1669 792 et
1702 756 1757 792 sic
1792 757 1840 792 de

531 813 618 850 aliis
650 813 861 861 generibus
894 813 1190 855 accidencium;
1224 822 1281 857 ut,
1315 813 1347 849 si
1370 813 1521 862 aliquid
1556 822 1613 850 est
1636 814 1839 862 quantitas

529 872 590 908 vel
622 872 809 920 qualitas,
849 880 944 908 tunc
976 871 1106 919 ipsum
1149 880 1206 908 est
1239 871 1407 908 subiecti
1447 871 1586 919 quanti
1617 872 1678 908 vel
1710 871 1839 919 qualis

531 929 734 977 quantitas
766 930 827 966 vel
859 928 1046 977 qualitas,
1086 938 1123 965 et
1158 929 1281 977 magis
1314 929 1517 966 evidenter
1550 929 1730 977 sequitur
1764 930 1839 966 hoc

532 989 578 1023 de
619 987 707 1024 aliis
745 987 955 1035 generibus
995 987 1293 1033 accidencium3
1335 995 1371 1023 et
1410 986 1478 1034 ita,
1518 987 1550 1023 si
1590 987 1743 1035 aliquid
1781 996 1840 1023 est

532 1045 701 1081 materia
725 1054 763 1081 et
787 1045 930 1091 forma,
965 1053 1059 1081 tunc
1093 1045 1224 1093 ipsum
1259 1053 1315 1081 est
1349 1045 1550 1082 materiati
1584 1054 1651 1082 aut
1675 1044 1837 1081 formati

532 1102 700 1139 materia
731 1104 792 1139 vel
824 1103 968 1139 forma.
1000 1104 1116 1149 Ymo,
1156 1103 1187 1138 si
1221 1102 1355 1150 aliqua
1393 1103 1442 1139 sit
1475 1103 1666 1149 essencia,
1706 1102 1838 1151 ipsum
1883 1107 1894 1112 ‘

531 1169 588 1196 est
622 1160 824 1197 existentis
858 1160 1036 1197 essencia
1060 1169 1096 1196 et
1120 1169 1297 1205 econtra,
1333 1169 1370 1197 et
1393 1160 1449 1197 sic
1483 1160 1746 1197 discurrendo
1769 1173 1840 1209 per

530 1230 675 1265 genera
714 1227 751 1255 et
791 1218 962 1266 species3
1003 1226 1058 1264 ut,
1097 1218 1129 1254 si
1168 1218 1320 1266 aliquid
1359 1218 1408 1254 sit
1441 1220 1578 1266 homo,
1618 1218 1748 1267 ipsum
1783 1227 1839 1254 est

531 1277 781 1313 humanitate
814 1278 950 1323 homo,
990 1284 1027 1312 et
1059 1275 1090 1312 si
1124 1275 1259 1324 aliqua
1298 1276 1348 1312 sit
1380 1276 1624 1323 humanitas,
1663 1277 1750 1324 ipsa
1783 1285 1840 1313 est

531 1334 706 1371 hominis
731 1334 976 1380 humanitas,
1012 1342 1049 1370 et
1073 1333 1128 1369 sic
1161 1335 1209 1370 de
1233 1333 1497 1382 quiditatibus
1530 1333 1840 1371 absolutissimis

531 1392 773 1429 substancie.
803 1407 806 1412 ·

599 1526 623 1554 5.
648 1525 741 1554 Cori:
762 1526 941 1554 substancia
955 1518 989 1554 ‘ff
1002 1527 1129 1554 dicetur.
1221 1534 1266 1554 20.
1289 1526 1373 1554 Foliz'
1389 1530 1458 1561 207¹
1478 1534 1552 1561 pars
1572 1526 1678 1553 ultima
1698 1528 1730 1552 et
1746 1528 1840 1552 tolum

520 1561 586 1597 fol.
608 1561 673 1588 208³
690 1563 846 1596 scriptura
866 1565 965 1589 vacat.
