2056 3234
292 171 371 207 256

313 293 367 320 has
388 292 539 319 sufficient

306 328 365 355 and
387 328 539 362 complete

377 362 476 397 being.

293 639 359 667 The
380 640 444 667 first
463 648 553 667 cause

317 675 343 702 is
365 675 414 701 the
435 675 534 701 whole

289 718 379 737 cause
394 710 429 736 ot*
440 710 477 736 all
498 710 563 736 that

316 745 342 771 is
363 744 531 779 produced.

288 929 341 956 Yet
353 930 442 956 other
453 937 561 956 causes

289 965 463 991 contribute
484 964 559 991 also.

333 1448 381 1475 All
403 1448 467 1474 that
487 1447 512 1474 is

307 1482 464 1517 produced
486 1483 541 1509 has

334 1518 434 1544 whole
454 1517 513 1544 and

295 1552 447 1580 sufficient
468 1552 557 1586 being

305 1588 386 1615 from
409 1587 459 1613 the
479 1586 545 1614 first

318 1630 408 1649 cause
428 1622 526 1648 alone.

348 2142 419 2169 And
441 2141 502 2168 this

319 2177 450 2204 without
470 2184 529 2212 any

307 2211 419 2239 second
441 2219 542 2239 cause.

1062 176 1230 209 „Iohannis
1256 177 1377 209 Wiclif
1698 176 1823 211 Quaest.
1845 177 1883 204 V.

578 282 712 319 Prima
736 296 855 319 causa
878 296 997 319 omne
1020 284 1265 331 productum
1289 295 1328 319 se
1351 283 1437 331 ipsa
1460 292 1597 319 causat
1621 293 1657 320 et
1678 284 1883 331 producit3

577 354 657 376 non
680 341 908 389 parcialiter
925 341 1135 386 disiuncte,
1160 353 1250 377 cum
1274 350 1316 376 ut
1339 341 1394 377 sic
1418 341 1648 389 imperfecte
1672 351 1823 378 crearet
1848 351 1884 378 et

577 400 831 446 produceret,
866 408 902 435 et
935 398 991 434 sic
1014 399 1270 446 imperfeccio
1295 399 1578 435 attribueretur
1600 399 1728 447 prime
1752 412 1882 445 cause,

578 465 615 492 et
647 469 717 504 per
750 469 998 505 consequens
1031 469 1112 492 non
1145 466 1245 492 esset
1278 456 1407 492 omnis
1440 456 1630 493 bonitatis
1652 457 1885 505 simpliciter

577 514 743 560 infinite,
778 516 886 562 quod
920 523 976 550 est
1000 522 1138 550 contra
1161 514 1335 562 primum
1361 514 1536 551 notabile
1561 523 1597 551 et
1620 515 1883 551 corrolarium
1902 516 1918 549 5

577 572 752 620 primum
787 572 963 608 eiusdem
998 571 1203 617 notabilis,
1239 584 1331 619 ergo
1365 572 1568 609 conclusio
1600 585 1705 609 vera.

636 631 938 666 CORROLARIUM
960 637 1130 664 PRIMUM:
1160 629 1381 666 Cuiuslibet
1404 630 1588 678 producti
1612 631 1742 678 prima
1765 643 1885 667 causa

578 696 635 723 est
658 696 741 724 tota
764 696 800 723 et
824 701 903 724 non
926 687 1113 736 parcialis
1136 701 1273 733 causa,
1298 696 1419 736 patet,
1439 687 1532 736 quia
1555 688 1652 724 alias
1676 688 1883 734 disiuncte,

577 758 659 781 non
697 746 863 782 omnino
903 745 1140 794 simpliciter
1180 754 1362 782 causaret
1402 745 1597 794 quidquid
1630 748 1882 794 produceret,

577 804 685 851 quod
731 812 787 839 est
831 812 970 840 contra
1015 803 1313 840 conclusionem
1368 813 1404 840 et
1449 803 1531 840 eius
1576 804 1944 851 probacionem31o

577 873 671 909 ergo
705 861 970 898 corrolariurn
1003 875 1153 899 verum.

635 920 936 955 CORROLARlUM
962 925 1205 954 SECUNDUM:
1234 921 1323 955 Non
1355 918 1535 966 sequitur
1558 919 1763 967 quodlibet
1795 926 1886 967 p·ro-

577 978 741 1013 ductum
771 978 891 1012 habet
915 989 997 1012 esse
1020 990 1042 1013 a
1065 976 1196 1024 prima
1220 989 1339 1012 causa
1362 976 1539 1012 totaliter
1562 986 1599 1012 et
1628 977 1885 1024 sufficienter,

577 1047 670 1083 ergo
703 1048 783 1071 non
816 1035 935 1071 habet
968 1047 1051 1070 esse
1084 1035 1132 1071 ab
1166 1034 1252 1070 aliis
1277 1034 1418 1079 causis,
1441 1035 1502 1070 vel
1534 1047 1626 1082 ergo
1660 1034 1736 1071 alie
1769 1048 1886 1072 cause

577 1093 841 1141 superfluunt,
883 1092 977 1140 quia
1015 1092 1107 1128 licet
1145 1092 1275 1140 prima
1316 1105 1436 1128 causa
1482 1094 1550 1128 dat
1596 1105 1679 1129 esse
1724 1093 1943 1141 proprie15

578 1159 614 1186 et
658 1150 837 1187 totaliter
883 1150 1047 1186 cuilibet
1091 1151 1305 1197 producto,
1359 1163 1440 1186 non
1492 1159 1629 1186 tamen
1681 1151 1749 1187 dat
1802 1163 1885 1187 esse

577 1208 827 1245 omnimodo.
874 1210 974 1244 Nam
1022 1221 1103 1244 non
1148 1209 1215 1244 dat
1260 1220 1344 1244 esse
1388 1207 1761 1255 instrumentaliter,
1813 1221 1885 1245 nec

577 1279 659 1302 esse
705 1266 968 1302 materialiter
1012 1275 1080 1302 aut
1124 1266 1250 1302 eciam
1296 1265 1520 1302 formaliter
1564 1265 1778 1302 intrinsece
1818 1268 1885 1303 dat

578 1336 673 1369 esse,
715 1325 782 1360 sed
823 1324 899 1360 alie
941 1336 1023 1360 esse
1056 1324 1112 1360 sic
1145 1325 1241 1360 dant
1273 1336 1368 1359 esse.
1415 1326 1519 1371 Ergo
1552 1323 1743 1372 sequitur,
1778 1326 1885 1372 quod

576 1395 657 1418 non
690 1382 956 1430 superfluunt,
992 1391 1028 1418 et
1061 1394 1132 1429 per
1165 1394 1412 1429 consequens
1446 1381 1709 1418 corrolarium
1733 1394 1944 1419 verum.2o

635 1441 882 1476 CONCLUSIO
898 1445 1053 1474 TERTIA
1075 1448 1111 1475 et
1126 1439 1389 1487 responsalis:
1411 1439 1629 1484 Quodlibet
1644 1442 1884 1488 productum

577 1510 598 1533 a
631 1498 724 1537 sola,
748 1498 880 1545 prima
913 1510 1032 1534 causa
1072 1497 1250 1534 totaliter
1283 1506 1320 1533 et
1352 1497 1598 1534 sufficienter
1630 1499 1749 1533 habet
1782 1511 1885 1543 esse3

576 1556 773 1604 probatur
818 1555 885 1603 sic,
932 1555 1025 1604 quia
1064 1555 1195 1603 prima
1235 1568 1354 1591 causa
1392 1564 1484 1591 ante
1523 1568 1683 1591 ornnem
1724 1568 1886 1602 causam

577 1615 794 1649 secundam
841 1613 1049 1661 quodlibet
1093 1614 1333 1661 productum
1379 1622 1516 1649 causat
1560 1613 1803 1649 sufficienter
1850 1622 1887 1650 et

577 1671 769 1718 totaliter,
794 1681 836 1707 ut
859 1671 953 1707 dixit
975 1671 1152 1707 notabile
1174 1672 1409 1717 secundum,
1434 1680 1470 1707 et
1490 1684 1564 1719 pro
1586 1671 1655 1707 illa
1677 1671 1886 1719 potissima
1902 1673 1942 1705 25

578 1742 765 1765 mensura
797 1731 1041 1777 productum
1076 1731 1196 1765 habet
1229 1741 1312 1765 esse
1345 1741 1367 1765 a
1399 1730 1484 1765 sola
1516 1728 1647 1777 prima
1680 1741 1813 1775 causa,
1849 1739 1886 1766 et

577 1800 648 1835 per
681 1800 931 1835 consequens
955 1787 1163 1836 quodlibet
1196 1788 1274 1823 tale
1308 1788 1427 1823 habet
1461 1799 1544 1823 esse
1576 1787 1820 1823 sufficienter
1849 1796 1886 1824 et

577 1845 755 1881 totaliter
792 1858 814 1881 a
853 1846 936 1882 sola
976 1845 1106 1893 prima
1146 1858 1286 1889 causa;
1332 1844 1430 1881 alias
1468 1845 1572 1881 enim
1616 1845 1810 1881 divisione
1850 1854 1886 1881 et

578 1902 887 1950 imperfeccione
940 1912 1093 1939 crearet
1144 1915 1216 1951 pro
1268 1902 1336 1938 illo
1380 1904 1518 1951 gradu,
1569 1915 1648 1951 quo
1693 1904 1760 1939 dat
1804 1916 1886 1939 esse

579 1960 741 1996 cuilibet
774 1962 987 2008 producto,
1021 1970 1112 1997 ante
1144 1973 1304 1997 omnem
1330 1973 1492 1997 causam
1517 1962 1748 2008 secundam,
1779 1962 1885 2009 quod
1902 1963 1944 1995 30

579 2018 730 2054 dictum
755 2027 811 2054 est
835 2031 919 2055 esse
944 2018 1245 2065 inconveniens,
1270 2030 1363 2066 ergo
1387 2018 1568 2067 sequitur
1583 2019 1884 2055 conclusionem

579 2089 663 2113 esse
695 2088 844 2113 veram.

637 2136 942 2171 CORROLARIUM
980 2141 1151 2168 PRlMUM:
1207 2135 1473 2182 Quocumque
1518 2136 1716 2182 producto
1763 2134 1885 2170 dabili

578 2191 708 2239 prima
741 2205 861 2228 causa
893 2205 965 2240 pro
1000 2204 1185 2228 mensura
1219 2201 1327 2228 certa
1360 2192 1551 2228 causandi
1584 2201 1721 2229 causat
1753 2191 1883 2241 ipsum

578 2250 822 2286 sufficienter
865 2259 902 2286 et
945 2249 1124 2286 totaliter
1167 2249 1251 2286 sine
1297 2263 1416 2286 causa
1461 2252 1647 2286 secunda.
1688 2251 1941 2286 Probatur35

579 2307 652 2343 sic:
678 2307 771 2356 quia
794 2307 924 2355 prima
948 2320 1068 2344 causa
1092 2307 1269 2355 precedit
1292 2320 1454 2344 omnem
1479 2321 1640 2344 causam
1667 2309 1883 2344 secundam

578 2366 694 2413 longe
733 2365 876 2401 maiori
915 2365 1136 2413 prioritate,
1177 2378 1297 2414 quam
1337 2365 1386 2401 sit
1425 2366 1612 2413 prioritas
1650 2365 1800 2412 totalis,
1844 2365 1884 2401 in

579 2423 649 2459 tali
684 2436 776 2471 ergo
801 2423 1010 2471 prioritate
1033 2423 1223 2459 causandi
1247 2423 1341 2459 facit
1374 2424 1619 2461 sufficienter
1648 2432 1685 2459 et
1708 2423 1886 2460 totaliter

579 2481 787 2529 quodlibet
816 2482 1074 2529 productum,
1108 2482 1217 2529 quod
1246 2481 1431 2518 concedit
1460 2483 1558 2518 duas
1588 2494 1727 2518 causas
1756 2482 1885 2517 facere

579 2548 718 2586 postea
750 2538 992 2587 parcialiter.
1027 2541 1080 2574 Ex
1103 2552 1182 2587 quo
1215 2539 1395 2587 sequitur
1427 2539 1607 2586 ulterius,
1642 2541 1748 2588 quod
1772 2538 1885 2587 quid-
1898 2551 1943 2582 40

580 2596 675 2644 quid
715 2605 847 2644 potest
886 2609 1004 2632 causa
1045 2596 1174 2644 prima
1215 2609 1302 2632 cum
1346 2610 1466 2633 causa
1500 2599 1675 2634 secunda
1714 2596 1884 2643 causari,

580 2655 655 2690 hoc
687 2663 817 2702 potest
848 2654 931 2690 sine
965 2655 1152 2690 secunda.
1194 2656 1317 2700 Patet,
1352 2655 1446 2703 quia
1479 2668 1551 2702 pro
1585 2655 1650 2690 illa
1684 2667 1884 2701 mensura,

580 2724 659 2759 qua
702 2712 743 2747 in
781 2713 983 2748 causando
1022 2711 1201 2760 precedit
1239 2725 1399 2749 omnem
1446 2726 1607 2749 causam
1647 2713 1883 2757 secundam3

581 2781 674 2817 ergo
708 2769 971 2805 corrolarium
1006 2782 1158 2806 verum.
