2056 3234
810 746 916 792 XII.

298 882 479 928 Utrum
523 880 727 927 cometa
772 878 836 924 sit
880 877 942 923 de
985 877 1176 923 natura
1220 875 1315 922 oeli
1351 875 1434 922 vel
1558 877 1798 905 152001120101‘

1573 912 1721 946 lieavcnly
1741 919 1776 938 or

707 948 1023 996 elementari.
1583 947 1769 981 earnem-ary

1614 980 1740 1008 nature?

269 1083 462 1132 Arguitur
484 1082 629 1131 primo,
664 1083 772 1130 quod
804 1080 934 1117 omnis
967 1079 1017 1116 sit
1051 1080 1099 1115 de
1131 1086 1276 1114 natura
1309 1077 1395 1123 celi,
1429 1076 1522 1125 quia
1539 1085 1709 1124 Heav1en1y3
1730 1085 1778 1111 for
1798 1092 1814 1111 a

213 1142 343 1179 omnis
375 1141 489 1178 stella
522 1149 579 1177 est
612 1141 659 1177 de
691 1148 835 1176 natura
867 1137 960 1184 celi3
1000 1138 1068 1174 sed
1106 1135 1237 1173 omnis
1277 1143 1433 1172 cometa
1467 1143 1524 1171 est
1538 1125 1646 1182 ἓξὲξ
1663 1119 1814 1181 ἒξὲζῖῃέζ

214 1201 341 1236 stella.
375 1199 496 1247 Igitur
520 1230 527 1236 .
554 1228 561 1235 .
587 1229 594 1236 .
1624 1197 1640 1216 a
1661 1194 1732 1216 star.

272 1257 400 1294 Maior
421 1258 628 1305 probatur,
663 1254 757 1303 quia
779 1253 910 1290 omnis
943 1253 1057 1289 stella
1086 1260 1143 1289 est
1167 1251 1328 1288 densior
1349 1263 1441 1299 pars
1464 1249 1525 1286 sui

183 1315 334 1360 Sol-bis,
368 1323 411 1351 ut
449 1314 545 1351 dicit
578 1315 886 1350 Commentator
919 1315 964 1347 20
996 1311 1099 1356 Celi3
1138 1311 1207 1346 sed
1240 1309 1372 1345 rninor
1402 1317 1525 1356 patet,

215 1373 309 1422 quia
341 1372 469 1409 omnis
503 1380 659 1408 cometa
692 1379 750 1407 est
782 1370 908 1415 stella,
950 1377 1107 1406 cometa
1144 1367 1266 1415 igitur
1304 1375 1361 1403 est
1398 1366 1525 1402 stella.

216 1429 520 1478 Consequencia
551 1437 661 1478 patet
694 1429 742 1464 ab
776 1427 954 1463 inferiori
988 1428 1038 1463 ad
1070 1425 1271 1473 superius;
1314 1425 1381 1461 sed
1417 1432 1526 1460 ante-

216 1490 360 1525 cedens
392 1496 512 1536 patet‚
547 1487 642 1536 quia
675 1494 831 1522 cometa
864 1484 1022 1530 dicitur,
1063 1485 1172 1533 quod
1205 1483 1318 1519 stella
1353 1490 1525 1519 comata.

216 1549 257 1582 ln
290 1545 521 1594 oppositum
546 1553 603 1581 est
626 1543 891 1591 Philosophus
921 1546 960 1578 10
986 1544 1093 1588 Met.‚
1126 1549 1301 1577 tractatu
1325 1544 1370 1576 20
1397 1552 1443 1576 ca
1464 1543 1526 1585 4⁰.

163 1617 201 1637 10
274 1604 408 1640 Primo
440 1612 550 1649 noto,
596 1603 705 1651 quod
744 1609 902 1638 cometa
941 1600 1087 1637 dicitur
1129 1599 1297 1635 existens
1330 1610 1527 1646 apparens

217 1662 345 1708 stella,
391 1662 541 1697 habens
586 1672 759 1704 comam,
809 1659 977 1695 caudam
1022 1659 1083 1695 vel
1126 1658 1293 1693 barbam
1333 1668 1423 1693 vere
1467 1655 1528 1691 vel

217 1728 470 1767 apparenter,
495 1727 532 1755 et
555 1718 775 1754 secundum
800 1717 876 1752 hoc
894 1725 973 1752 tres
992 1724 1125 1764 partes
1140 1723 1345 1763 ponuntur
1360 1721 1527 1759 comete,

219 1777 370 1814 scilicet
403 1785 599 1823 comatus,
633 1776 828 1812 caudatus
862 1783 899 1811 et
931 1775 1135 1810 barbatus.

277 1836 460 1871 Secundo
482 1842 580 1871 noto
603 1831 786 1882 quamvis
808 1832 847 1880 ly
872 1834 1045 1868 ‘natura’
1070 1830 1215 1868 dicitur
1239 1828 1529 1877 multipliciter,
1560 1837 1582 1863 Ι.
1605 1834 1805 1864 Conclusion.

166 1894 203 1926 15
219 1901 262 1929 ut
294 1901 404 1940 patet
436 1891 576 1940 quinto
609 1889 911 1938 Methaphisice,
953 1898 1088 1926 tamen
1126 1888 1167 1924 in
1199 1886 1408 1935 proposito
1439 1886 1529 1922 volo
1564 1872 1593 1899 A
1613 1874 1803 1932 cobneiegfmay

220 1963 291 1998 ego
314 1950 372 1986 uti
393 1963 466 1998 pro
489 1949 678 1986 essencia.
711 1947 855 1984 Tercio
878 1956 988 1994 noto,
1023 1948 1132 1995 quod
1163 1947 1203 1994 ly
1228 1947 1316 1981 ‘est'
1348 1945 1438 1981 volo
1471 1943 1529 1979 uti
1592 1941 1778 2002 elssffieuffteasy

220 2008 260 2044 in
293 2007 513 2056 'proposito
563 2008 784 2043 secundum
830 2005 1154 2053 supposicionem
1201 2003 1426 2039 naturalem
1470 2002 1530 2038 vel
1735 1995 1740 2001 ’

220 2065 383 2114 propria
416 2065 676 2113 opposicione
711 2072 768 2100 est
799 2063 859 2100 vel
893 2063 967 2099 erit
989 2063 1050 2099 vel
1081 2061 1154 2098 fuit
1176 2061 1238 2097 vel
1270 2068 1400 2108 potest
1433 2071 1529 2096 esse.

279 2124 522 2160 CONCLUSIO
556 2129 698 2156 PRIMA:
727 2120 881 2170 Aliquis
915 2129 1073 2157 cometa
1107 2127 1164 2156 est
1197 2120 1245 2154 de
1277 2126 1422 2154 natura
1456 2118 1532 2154 ele-

165 2193 206 2214 20
222 2181 412 2227 mentari3
456 2189 566 2228 patet
604 2179 808 2217 conclusio
840 2191 911 2227 per
945 2178 1232 2226 Philosophum
1273 2175 1405 2224 primo
1438 2177 1530 2211 Met.

293 2339 322 2372 5.
363 2341 417 2383 Cf.
448 2340 610 2371 Averrois
642 2340 677 2371 in
710 2339 813 2370 Arist.
845 2339 898 2370 De
931 2338 1041 2369 Coelo
1074 2337 1100 2369 ll
1128 2347 1255 2369 comm.
1287 2335 1344 2368 15:
1384 2335 1432 2366 Et
1464 2345 1532 2367 non

221 2386 378 2428 sequitur
403 2396 452 2418 ex
482 2386 547 2419 hac
574 2387 764 2428 positione,
799 2385 893 2427 quod
917 2385 952 2417 in
980 2384 1064 2416 orbe
1088 2385 1134 2416 sit
1153 2392 1246 2424 pars
1271 2382 1425 2415 nobilior
1451 2382 1534 2421 alia,

223 2438 260 2464 ut
291 2433 336 2465 sit
367 2433 582 2473 compositus
621 2442 669 2464 ex
708 2432 900 2464 virtutibus
939 2430 1099 2463 diversis.
1146 2430 1283 2461 Stellae
1321 2429 1415 2461 enim
1455 2433 1535 2460 sunt

216 2484 343 2521 partes
376 2478 562 2511 nobiliores
595 2478 692 2511 coeli.
836 2488 867 2519 9.
903 2477 957 2518 Cf.
990 2477 1093 2507 Arist.
1127 2475 1354 2516 Meteorolog.
1386 2475 1409 2514 Ι,
1428 2474 1487 2505 VII
1514 2483 1537 2514 4

223 2525 306 2565 (Ed.
335 2526 417 2556 Par.
446 2525 504 2556 III
524 2526 613 2563 560,
639 2525 692 2556 40
718 2525 800 2564 ss.).·
840 2523 1020 2555 Τοιοῦτον
1045 2519 1064 2554 ὁ
1091 2520 1251 2564 κομήτης
1281 2517 1379 2552 ἐστὶν
1410 2517 1536 2562 ἀστὴρ,

224 2569 344 2612 ὥσπερ
385 2568 563 2612 διαδρομὴ
606 2568 769 2611 ἀστέρος,
811 2566 903 2611 ἔχων
943 2565 982 2600 ἐν
1023 2566 1122 2611 αὐτῷ
1163 2566 1277 2609 πέρας
1314 2564 1373 2598 καὶ
1411 2563 1533 2608 ἀρχὴν.

228 2628 277 2658 14,
302 2616 350 2649 16.
375 2617 410 2659 ly
436 2617 576 2649 verbum
603 2616 733 2657 (word)
759 2615 946 2658 significat.
1048 2614 1097 2646 15.
1126 2615 1179 2657 Cf.
1198 2614 1301 2645 Arist.
1320 2612 1471 2654 Metaph.
1493 2613 1536 2643 [V

223 2664 278 2704 (In
298 2664 453 2704 antiquis
471 2663 549 2694 edd.
563 2664 603 2703 V)
623 2663 648 2693 ll
670 2672 678 2692 1
704 2662 785 2702 (Ed.
807 2662 889 2693 Par.
910 2662 950 2692 II
963 2662 1039 2699 517,
1062 2663 1085 2692 8
1102 2661 1172 2700 sm).
1247 2669 1300 2690 20.
1322 2659 1371 2702 Cf
1395 2659 1536 2690 Aristot.

223 2710 335 2741 locum
368 2718 416 2740 ex
446 2709 623 2740 Meteorol.
654 2718 762 2750 supra
793 2708 941 2739 citatum
976 2711 1080 2748 atque
1112 2706 1276 2737 Averrois
1315 2705 1348 2736 in
1387 2705 1535 2737 eundern

225 2760 412 2786 comment.
434 2755 487 2796 Cf.
504 2755 676 2796 Algazelis
697 2754 827 2795 Logica
845 2760 877 2784 et
895 2752 1139 2794 Philosophica
1158 2751 1241 2786 (Ed.
1262 2751 1411 2783 Venetiis
1425 2752 1537 2791 1506)

182 2821 187 2823 -
226 2800 427 2843 Philosoph.
444 2801 502 2832 lib.
524 2802 562 2841 ΙΙ,
581 2811 654 2843 cap.
680 2801 731 2831 De
749 2806 863 2840 vent0‚
889 2799 1023 2841 fulgure
1042 2805 1075 2830 et
1091 2798 1199 2830 stellis
1218 2797 1436 2829 cadentibus:
1465 2797 1537 2829 Sed
