2056 3234
251 186 378 221 Quaest.
400 187 479 215 XIII·
525 190 755 228 Quaestiones
781 190 915 231 logicae
941 196 974 221 et
999 189 1275 232 philosophicae.
1762 185 1831 221 301

307 294 481 330 Ulterius
524 303 633 341 noto,
677 296 785 343 quod
824 295 999 331 medium
1045 296 1310 343 cognoscendi
1349 298 1549 344 quoddam
1626 305 1731 345 Mean}
1752 306 1786 332 of

248 360 379 398 potest
412 364 495 388 esse
527 365 597 400 per
628 365 681 397 se,
720 361 762 388 ut
801 353 950 400 species
983 353 1178 389 sensibilis
1218 363 1254 390 et
1294 354 1552 402 intelligibilis
1627 341 1781 375 knowmg.

247 410 307 445 vel
330 409 486 445 habitus
508 411 568 446 vel
589 409 733 446 veritas
756 422 825 458 per
854 423 893 446 se
917 410 1208 448 manifestativa
1241 412 1554 448 connaturaliter

248 467 409 503 alterius
431 467 620 514 veritatis,
653 468 713 503 vel
741 468 944 515 passiones
968 481 1037 516 per
1069 481 1108 504 se
1141 468 1366 517 aliquorum
1400 469 1553 506 subiec-

215 530 231 561 5
247 532 392 561 torum.
421 525 598 561 Medium
622 525 886 573 cognoscendi
910 538 979 573 per
1002 526 1198 572 accidens,
1223 526 1325 563 sicut
1348 527 1553 575 passiones

247 594 316 629 per
339 582 522 619 accidens
538 582 827 619 subiectorum:
851 595 980 628 voces,
1005 583 1212 631 scripture,
1237 584 1349 632 signa
1364 586 1551 631 humana,

247 648 284 675 et
321 639 352 676 si
390 653 467 688 que
510 649 600 676 sunt
638 640 795 677 similia.
826 640 999 689 »Proprie
1032 650 1165 677 tamen
1199 642 1374 678 medium
1409 656 1554 691 cogno-

246 697 381 733 scendi
405 707 460 734 est
482 698 748 735 intellectuale
762 699 823 735 vel
846 698 1112 735 intencionale
1134 699 1328 747 spacium,
1352 702 1552 748 per'quod

247 767 489 802 cognoscens
530 765 566 792 et
604 769 674 792 sua
714 755 898 804 cognicio
942 757 1092 792 vadunt
1136 757 1460 794 intellectualiter
1503 759 1553 794 ad

194 829 232 849 10
246 812 447 849 obiectum
463 813 679 861 cognitum.
703 816 751 849 Et
766 814 821 850 sic
836 815 1055 849 secundum
1077 814 1364 863 Philosophum
1383 816 1425 851 30
1443 816 1553 851 Ethi-

246 883 382 907 corum
410 870 486 907 tria
505 880 596 907 sunt
618 871 658 907 in
681 872 834 917 anima3
867 871 1065 919 potencie,
1091 872 1296 919 passiones
1321 882 1357 909 et
1380 873 1550 909 habitus.

247 928 432 964 Potencie
464 938 554 964 sunt
586 928 784 977 principia
816 930 1095 976 cognoscendi,
1129 930 1333 977 passiones
1363 932 1551 978 quedam,

246 998 322 1034 que
355 986 432 1022 alio
466 988 586 1022 modo
607 996 802 1023 vocantur
833 999 969 1022 sensus
991 987 1051 1023 vel
1078 986 1326 1024 intenciones
1348 988 1552 1025 sensibiles

245 1044 305 1080 vel
326 1043 609 1091 intelligibiles,
644 1053 680 1080 et
703 1044 860 1084 habitus
892 1053 983 1080 sunt
1006 1045 1166 1092 proprie
1199 1046 1343 1091 media,
1377 1059 1447 1094 per
1476 1059 1552 1095 que

193 1106 229 1138 15
244 1101 352 1137 vadit
386 1101 578 1149 cognicio.
614 1103 661 1137 Et
695 1115 785 1138 cum
809 1104 981 1150 quedam
1014 1102 1063 1138 sit
1086 1103 1267 1150 cognicio
1291 1104 1550 1151 appropriate

245 1159 545 1206 apprehensiva,
588 1161 759 1207 quedam
801 1159 1058 1208 appropriate
1093 1161 1305 1207 assensiva,
1346 1162 1551 1209 passiones

246 1216 325 1252 sive
352 1229 489 1253 sensus
513 1226 579 1253 aut
602 1217 849 1254 intenciones
882 1218 1147 1265 cognoscendi
1181 1228 1271 1255 sunt
1294 1219 1551 1267 appropriate

247 1274 423 1310 medium
447 1274 702 1322 cognicionis,
727 1288 802 1324 que
818 1274 963 1312 dicitur
978 1276 1234 1324 appropriate
1250 1277 1549 1325 apprehensiva.

246 1331 415 1368 Habitus
465 1341 598 1369 autem
650 1342 706 1369 est
763 1332 939 1369 medium
997 1334 1253 1382 appropriate
1305 1335 1550 1382 cognicionis

189 1405 231 1426 20
246 1389 454 1435 assensive,
471 1390 532 1426 vel
549 1390 680 1438 passio
704 1390 783 1427 sive
806 1403 942 1427 sensus
966 1400 1023 1427 est
1045 1392 1349 1440 appropriatum
1373 1392 1549 1429 medium

245 1447 491 1495 cognicionis
530 1448 777 1496 incomplexe
823 1448 1005 1485 distantis
1049 1448 1128 1485 sive
1172 1450 1551 1498 improporcionalis

244 1505 403 1542 habitus
447 1514 515 1542 aut
559 1506 805 1554 cognicionis
850 1506 1180 1555 proporcionalis,
1235 1507 1314 1544 sive
1367 1508 1550 1544 distantis

245 1563 460 1611 complexe.

302 1620 476 1657 Ulterius
509 1629 623 1657 noto:
657 1621 843 1669 potencia
867 1622 1135 1670 cognoscendi
1164 1622 1205 1658 in
1235 1635 1355 1659 causa
1377 1625 1551 1660 secunda
1566 1632 1710 1671 Twofold
1736 1642 1842 1667 power

188 1682 227 1714 25
245 1687 301 1714 est
334 1679 495 1726 duplex:
530 1678 819 1725 substancialis,
860 1692 935 1728 que
969 1689 1027 1716 est
1066 1680 1200 1717 anima
1232 1680 1430 1726 sensitiva,
1471 1695 1551 1730 quo
1591 1670 1623 1695 oi
1642 1668 1822 1704 knowledge

1609 1711 1797 1730 concel'ffln‘r

245 1737 294 1772 ad
319 1736 592 1784 cognicionem
615 1737 858 1783 sensitivam,
881 1739 941 1774 vel
965 1750 1076 1774 mens
1099 1751 1178 1786 quo
1202 1740 1250 1774 ad
1275 1739 1549 1787 cognicionem
1576 1738 1688 1764 second
1710 1724 1833 1771 caus²'es,;

246 1794 253 1799 .
671 1794 677 1799 .
990 1795 997 1801 .
1228 1796 1235 1802 .
1367 1797 1373 1802 .
1522 1797 1528 1802 .
1573 1772 1753 1800 substantia!
1775 1774 1834 1800 and

244 1795 569 1830 intellectualem.
618 1795 707 1830 Alia
745 1804 802 1831 est
838 1804 1025 1843 potencia
1064 1797 1257 1832 naturalis
1291 1798 1551 1833 aceldentalis
1613 1807 1791 1835 accidental.

246 1851 525 1899 cognoscendi,
577 1865 667 1888 cum
712 1865 814 1888 unus
858 1853 907 1889 sit
957 1853 1083 1901 magis
1129 1863 1270 1902 potens
1314 1854 1552 1891 naturaliter

245 1922 484 1957 cognoscere
506 1909 690 1946 sensitive
714 1911 773 1946 vel
795 1910 1045 1957 intellective,
1080 1920 1117 1947 et
1140 1911 1241 1948 alius
1266 1912 1409 1949 minus.
1442 1913 1551 1949 Talis

187 1972 229 2004 30
244 1976 377 2007 autem
411 1967 618 2003 diversitas
651 1968 852 2015 gradualis
885 1967 926 2004 in
958 1981 1073 2017 posse
1105 1970 1279 2006 naturali
1312 1983 1392 2006 non
1419 1979 1552 2018 potest

244 2026 386 2061 cadere
419 2025 459 2060 in
481 2025 668 2072 potencia
700 2026 959 2062 substanciali
982 2026 1158 2063 virorum
1180 2026 1357 2063 eiusdem
1382 2028 1550 2076 speciei3

243 2081 363 2130 igitur
390 2082 495 2119 cadit
517 2082 557 2118 in
580 2083 769 2130 potencia
798 2083 970 2120 naturali
1004 2084 1241 2121 accidentali
1274 2085 1551 2133 inseparabili3

244 2149 280 2175 et
295 2140 480 2188 potencia
503 2140 781 2177 substancialis
798 2150 855 2177 est
872 2141 1033 2189 proprie
1048 2142 1289 2190 principium
1305 2143 1552 2191 principians

243 2197 370 2245 ipsam
404 2198 692 2246 cognicionem,
726 2200 794 2235 sed
817 2199 1003 2246 potencia
1025 2199 1283 2236 accidentalis
1313 2210 1369 2237 est
1392 2201 1552 2249 proprie

185 2255 422 2302 35inicium,
468 2255 508 2291 in
547 2269 627 2304 quo
666 2255 854 2293 iniciatus
891 2256 977 2304 ipsa
1017 2257 1201 2305 cognicio
1246 2259 1443 2295 transiens
1483 2271 1552 2306 per

187 2335 190 2338 -
244 2313 469 2360 passionem
501 2314 562 2349 vel
595 2313 776 2350 habitum
810 2314 849 2349 in
883 2314 1084 2351 obiectum
1119 2315 1336 2363 cognitum.

300 2373 396 2407 Item
436 2371 620 2419 potencia
653 2372 921 2418 cognoscendi
954 2372 993 2407 in
1027 2385 1145 2409 causa
1178 2374 1353 2409 secunda
1378 2375 1548 2422 quedam

244 2437 300 2464 est
324 2429 548 2465 communis
572 2438 608 2465 et
631 2430 825 2474 absoluta,
850 2438 887 2465 et
902 2431 1073 2477 quedam
1097 2431 1317 2478 respectiva
1335 2440 1372 2467 et
1387 2431 1551 2479 propria

243 2486 351 2522 racio
385 2486 650 2534 cognicionis3
690 2496 726 2522 et
760 2496 957 2535 quotquot
990 2496 1080 2523 sunt
1114 2488 1265 2525 dabiles
1298 2489 1550 2536 cogniciones

310 2618 356 2654 39.
374 2619 447 2647 Cod.
458 2630 467 2647 :
488 2602 615 2648 dgbiles.

315 2712 365 2733 10.
394 2703 446 2744 Cf.
465 2704 606 2734 Aristot.
626 2702 704 2734 Eth.
723 2704 858 2735 Nicom.
877 2704 903 2735 ΙΙ
925 2703 941 2735 5
962 2704 1025 2744 (4),
1049 2715 1059 2735 1
1090 2705 1175 2745 (Ed.
1195 2706 1277 2739 Par.
1298 2707 1404 2744 JJ18,
1421 2708 1465 2738 17
1481 2707 1550 2746 ss).-

241 2745 344 2832 ἑξέἶὲὶ
356 2744 433 2825 nez-{v
458 2747 502 2780 τὰ
533 2745 571 2780 ἐν
597 2751 639 2792 τῇ
664 2751 760 2791 ψυχῇ
791 2747 961 2791 γινόμενα
991 2749 1073 2792 τρία
1104 2747 1191 2792 ἐστί,
1221 2750 1339 2793 πάθη,
1368 2750 1550 2794 δυνάμεις,
