2056 3234
147 847 184 868 10

147 1125 182 1157 15

143 1424 184 1445 20

142 1701 182 1733 25

142 1991 183 2022 30

200 209 289 236 CAl'-
311 208 404 236 XVII·
521 211 577 242 DE
606 211 725 242 ENTE
755 210 1172 242 PREDICAMENTALI.

201 317 317 364 tingit
357 318 450 353 dare
489 329 610 364 genus
663 316 850 364 speciem,
893 316 1180 363 differenciam,
1221 317 1427 364 proprium
1470 326 1505 352 et

201 375 396 417 accidens,
442 383 483 409 ut
525 383 631 421 patet
677 374 807 421 primo
846 374 1092 422 Topicorum
1135 374 1311 422 capitulo
1350 375 1505 420 ultimo,

200 432 460 480 probabiliter
493 431 668 479 ponitur,
702 433 810 480 quod
843 431 952 467 omni
987 431 1158 480 positivo
1193 433 1299 468 malo
1324 431 1507 468 acciden-

200 490 333 526 taliter
365 489 466 525 inest
500 489 673 534 malicia,
708 498 749 525 ut
782 489 948 537 quilibet
971 498 1160 537 peccator
1183 499 1274 526 ante
1296 498 1506 537 peccatum

200 560 314 583 suum
359 547 512 583 actuale
556 555 685 594 potest
730 559 812 583 esse
856 547 940 583 sine
978 557 1144 595 peccato
1182 547 1264 593 tali,
1314 556 1350 584 et
1389 560 1507 584 omne

200 613 407 653 peccatum
441 604 633 652 originale
666 613 797 652 potest
830 605 964 643 deleri.

256 662 373 699 Nulla
406 674 499 710 ergo
534 662 691 698 malicia
725 662 845 698 moris
879 671 935 698 est
968 662 1245 710 inseparabilis
1268 676 1290 699 a
1312 662 1505 709 subiecto,

200 729 238 756 et
270 721 376 768 quod
409 719 464 756 sic
489 729 544 756 est
569 721 616 756 de
639 719 868 756 accionibus
892 720 1007 756 malis
1031 721 1352 769 quibuscumque
1376 729 1508 757 osten-

200 777 256 813 dit
290 780 440 814 Doctor
479 778 716 824 Profundus,
755 777 857 814 libro
897 782 950 825 10,
991 778 1168 826 capitulo
1203 780 1277 815 260
1312 778 1508 815 stabiliter

200 844 236 871 et
268 835 428 881 seriose,
462 844 499 872 et
531 835 632 871 libro
668 839 726 882 20,
762 836 860 882 2710.

258 895 369 929 Patet
408 902 540 929 autem
580 893 685 929 idem
730 893 899 929 faciliter
939 895 986 929 de
1025 902 1116 930 actu
1156 907 1411 943 quocumque
1445 906 1507 930 ex-

198 950 384 987 trinseco.
418 953 519 987 Nam
544 950 673 987 omnis
696 950 930 997 fornicacio,
964 951 1206 988 adulterium
1238 953 1299 989 vel
1332 953 1506 989 incestus

198 1009 298 1045 foret
330 1009 433 1044 idem
470 1008 596 1045 coitus
628 1008 668 1044 in
700 1021 883 1055 numero,
923 1018 1078 1045 servata
1116 1009 1368 1058 idemptitate
1407 1019 1507 1046 tem-

199 1066 308 1114 poris
342 1075 378 1102 et
417 1078 694 1114 personarum,
747 1066 827 1103 sive
871 1067 990 1103 fuerit
1038 1067 1240 1116 coniugati
1284 1068 1364 1104 sive
1409 1081 1507 1116 quo-

200 1125 498 1172 modocumque
542 1124 657 1160 aliter
700 1124 834 1171 soluti,
881 1137 971 1161 curn
1017 1125 1200 1162 accidens
1244 1125 1507 1174 impertinens

198 1195 279 1218 non
320 1182 447 1218 variat
499 1191 685 1218 naturam
736 1191 865 1227 actus,
920 1195 1010 1218 cum
1057 1195 1148 1231 ergo
1201 1184 1507 1220 commiscentes

198 1248 364 1287 possunt
404 1252 487 1276 esse
527 1239 728 1288 coniugati
761 1253 834 1288 pro
866 1249 1047 1288 tempore
1080 1250 1205 1287 actus,
1247 1250 1283 1277 et
1315 1242 1506 1278 solvendo

200 1297 375 1333 debitum
400 1298 460 1334 vel
483 1307 631 1334 rectam
666 1298 933 1334 intencionem
964 1298 1089 1346 prolis
1113 1301 1362 1346 procreande
1386 1299 1505 1345 coire,

199 1355 391 1403 sequitur,
425 1357 532 1404 quod
565 1355 733 1403 quilibet
764 1355 855 1392 talis
888 1365 998 1392 actus
1032 1365 1161 1404 potest
1194 1369 1277 1393 esse
1302 1358 1508 1393 moraliter

199 1415 339 1460 bonus,
364 1422 400 1449 et
424 1426 493 1461 per
516 1425 763 1461 consequens
786 1414 917 1449 nullus
942 1423 998 1450 est
1022 1413 1342 1462 inseparabiliter
1365 1416 1505 1451 malus.

200 1471 318 1517 Quid,
358 1484 494 1518 queso,
535 1471 653 1508 refert
687 1473 736 1507 ad
771 1480 956 1507 naturam
990 1480 1101 1508 actus
1139 1472 1356 1518 intrinseci,
1398 1474 1507 1521 quod

199 1541 318 1576 agens
350 1529 399 1565 sit
432 1531 629 1575 sacerdos,
663 1530 830 1576 solutus,
862 1530 923 1565 vel
955 1529 1025 1566 tali
1058 1530 1265 1566 accidente
1297 1531 1505 1577 formatus,

199 1587 315 1635 quale
347 1599 427 1622 non
460 1586 586 1623 variat
619 1595 804 1623 naturam
838 1587 1006 1635 agendi?

211 1646 215 1653 '
256 1646 303 1679 Et
343 1643 447 1680 idem
490 1653 546 1681 est
585 1654 865 1692 argumentum
900 1646 947 1681 de
980 1644 1179 1681 occisione
1218 1645 1505 1694 cuiuscumque

198 1714 386 1749 persone,
439 1715 530 1738 nam
585 1702 779 1750 contingit
832 1702 1034 1739 hominem
1088 1703 1231 1739 mereri
1283 1703 1505 1740 occidendo

199 1772 493 1808 quemcumque
526 1760 661 1805 alium,
694 1761 755 1797 vel
788 1760 882 1808 quia
915 1761 1014 1797 alius
1047 1762 1251 1808 peccando
1275 1770 1331 1797 est
1365 1761 1505 1809 dignus

198 1817 340 1864 occidi,
375 1826 411 1853 et
435 1818 619 1854 occidens
652 1827 782 1866 potest
815 1831 904 1854 cum
939 1820 1014 1855 hoc
1047 1820 1194 1855 habere
1216 1820 1287 1855 sub
1316 1828 1506 1867 precepto

198 1875 393 1920 occidere,
426 1876 485 1912 vel
519 1875 752 1923 ignorancia
786 1885 997 1913 excusante
1030 1876 1238 1913 occiditur.

256 1934 304 1968 Et
343 1932 446 1969 idem
494 1942 551 1969 est
596 1942 876 1981 argumentum
923 1935 970 1970 de
1010 1947 1265 1983 quacumque
1307 1934 1506 1982 ydolatria

199 1991 410 2038 corporali,
456 1991 548 2039 quia
594 2004 845 2040 quecumque
888 1991 978 2028 talis
1023 1992 1199 2040 agencia,
1245 2001 1286 2028 ut
1331 2004 1504 2040 genuum

199 2048 396 2095 curvacio,
450 2062 639 2085 manuum
696 2049 862 2086 elevatio
906 2058 973 2086 aut
1021 2062 1273 2098 quecumque
1325 2050 1505 2098 corporis

199 2106 330 2142 mocio
363 2106 487 2154 possit
519 2116 600 2143 tam
634 2108 746 2153 bene,
782 2120 901 2155 quam
938 2108 1040 2144 male
1066 2107 1163 2143 fieri.
1198 2110 1253 2143 Ex
1277 2120 1356 2155 quo
1380 2116 1502 2155 patet,

199 2165 304 2211 quod
328 2165 435 2200 nulla
458 2164 548 2200 talis
564 2173 621 2200 est
637 2164 957 2212 inseparabiliter
981 2166 1105 2211 mala3
1129 2165 1219 2201 ideo
1243 2166 1406 2213 planum
1433 2174 1502 2212 est,

198 2223 306 2268 quod
338 2223 469 2257 nullus
502 2231 613 2258 actus
647 2222 887 2259 extrinsecus
921 2232 978 2259 est
1011 2223 1333 2271 inseparabiliter
1363 2224 1503 2269 malus,

166 2279 286 2314 scum
326 2280 457 2315 nullus
496 2280 585 2316 talis
618 2280 666 2316 sit
699 2280 824 2317 iustus
863 2290 931 2317 aut
970 2281 1150 2327 iniustus,
1196 2280 1270 2317 nisi
1310 2294 1380 2329 per
1418 2294 1504 2317 cor-

268 2460 297 2482 2.
326 2452 379 2494 Cf.
405 2452 507 2483 Arist.
534 2451 623 2493 Top.
651 2452 661 2483 I
694 2456 743 2491 Η»
776 2462 807 2483 11
847 2452 928 2489 (Ed.
966 2453 1050 2484 Par.
1084 2452 1208 2490 1185
1234 2453 1281 2482 42
1306 2453 1374 2493 ss).·
1404 2449 1505 2494 Πρὸς

197 2494 236 2527 δὲ
261 2494 326 2538 τὴν
351 2499 425 2528 τῶν
450 2494 610 2539 ὁρισμῶν
634 2496 821 2538 ἀπόδοσιν,
855 2496 948 2553 andr?
973 2496 1109 2539 ὃυνάμε
1113 2509 1169 2530 νον
1194 2498 1361 2540 συνορᾶν,
1398 2509 1427 2529 τι
1467 2495 1505 2529 ἐν

197 2538 332 2594 ἑκάστῳ
365 2540 509 2585 ταύτὸν,
541 2542 606 2575 οὐκ
637 2542 879 2586 ἀπορήσομεν,
911 2542 962 2581 εἷς
992 2555 1025 2575 τι
1057 2542 1113 2575 δεῖ
1140 2543 1243 2585 γένος
1276 2541 1505 2586 ὁριζομένους

196 2584 236 2619 τὸ
262 2587 497 2631 προκείμενον
521 2588 665 2621 τιθέναι
690 2591 760 2621 κτλ.
862 2602 893 2628 o.
924 2591 975 2631 Cf.
1003 2590 1163 2622 Thomae
1191 2591 1427 2622 Biaduardini
1454 2591 1504 2621 De

197 2644 299 2665 causa
316 2635 376 2666 Dei
399 2636 407 2666 Ι
429 2640 486 2666 2(›:
519 2636 625 2676 Quod
650 2642 725 2668 tota
754 2637 968 2669 universitas
995 2647 1113 2669 retum
1141 2643 1193 2669 est
1219 2637 1321 2675 bona,
1348 2642 1381 2668 et
1408 2638 1502 2668 nulla

197 2690 252 2712 res
272 2691 342 2722 per
366 2690 402 2712 se
428 2683 520 2713 mala
542 2683 623 2722 (Ed.
643 2682 755 2715 Lond.
775 2684 971 2724 251-261)
997 2689 1029 2713 et
1047 2683 1073 2714 ΙΙ
1095 2693 1135 2725 27
1163 2683 1216 2724 (E.
1235 2684 1274 2714 L.
1294 2684 1389 2714 567:
1418 2683 1501 2714 Item

197 2728 309 2758 omn1's
334 2731 433 2759 actus
460 2729 572 2759 malus
597 2729 785 2761 secundum
814 2730 1046 2761 substantiam
1074 2735 1175 2761 actus
1201 2729 1435 2761 essentialiter
1453 2734 1504 2761 est

196 2773 339 2815 aliqui&
371 2774 461 2805 sicut
492 2775 616 2805 bonus:
655 2777 762 2807 Actus
792 2776 883 2807 enim
914 2776 1172 2818 fornicationis
1205 2785 1273 2807 non
1308 2776 1421 2807 minus
1454 2782 1503 2807 est

197 2817 340 2860 aliquid,
368 2829 472 2861 quam
501 2825 601 2852 actus
626 2821 824 2865 coniugalis
852 2845 858 2852 .
881 2847 886 2853 .
906 2844 913 2852 .
933 2822 955 2861 .)

1721 206 1793 250 ¹59
