2056 3234
225 176 306 203 210

224 518 322 545 Other
335 517 502 552 examples.

963 172 1187 204 JOHANNIS
1212 172 1381 204 WICLIF
1640 171 1729 199 CAP.
1750 170 1830 199 XXI,

567 276 690 313 Racio
721 276 828 313 talis:
862 290 982 314 omne
1015 286 1215 314 mutatum
1249 290 1333 315 esse
1364 287 1408 314 ut
1440 278 1673 316 huiusmodi
1699 287 1758 316 est
1782 278 1825 316 in

510 335 682 371 termino
726 336 776 371 ad
821 347 961 383 quem;
1006 336 1075 371 sed
1119 336 1252 372 nullus
1291 336 1487 372 terminus
1527 338 1577 373 ad
1610 349 1730 385 quern
1769 345 1829 374 est

512 392 730 441 pertinens,
770 392 801 428 si
840 405 921 429 non
959 393 1154 429 terminus
1187 394 1409 431 exclusivus
1442 403 1587 441 motus,
1622 395 1735 431 cuius
1768 403 1828 432 est

516 459 715 487 mutatum
748 462 845 497 esse,
880 463 974 499 ergo
1008 460 1081 487 etc.

573 509 803 545 Concordat
846 508 974 545 eciam
1020 510 1163 546 modus
1206 509 1412 558 loquendi,
1462 518 1506 546 ut
1556 522 1675 547 nemo
1720 509 1866 556 dicit,5

514 567 622 614 quod
660 567 804 602 domus
844 575 901 602 est
938 566 1044 603 facta
1081 568 1131 603 ad
1170 567 1381 604 cuiuslibet
1420 567 1547 615 partis
1591 567 1829 614 faccionem,

513 636 585 660 nec
629 625 738 672 quod
781 624 913 661 mocio
957 633 1025 661 aut
1062 626 1229 662 duraeio
1269 634 1325 662 est
1366 626 1566 673 complete
1610 625 1651 662 in
1696 625 1830 674 primo

511 680 676 718 instanti
714 682 776 718 vel
813 682 894 719 alio
933 682 1100 719 instanti
1132 683 1353 720 intrinseco
1386 683 1447 720 sui
1481 695 1578 720 esse.
1624 684 1689 720 Sic
1722 684 1829 720 enim

512 748 613 776 esset
644 752 764 777 omne
787 740 866 777 tale
889 740 1159 778 successivum
1190 750 1426 790 corruptum
1450 750 1518 777 aut
1542 742 1831 789 pertransitum

512 797 553 833 in
597 797 835 846 preteritum
879 811 952 846 pro
997 799 1180 847 quolibet
1225 799 1388 836 instanti
1432 799 1492 835 sui
1541 812 1636 836 esse.
1691 802 1834 837 Nonne
1855 816 1894 837 10

514 855 750 893 innuitative
803 857 996 893 docemur
1050 857 1118 894 illa
1171 858 1285 905 loyca
1330 857 1556 894 Aristotelis
1605 870 1677 906 per
1727 857 1833 894 idem

516 914 614 950 Gen.
639 913 770 962 primo
793 914 943 951 factum
968 924 1025 950 est
1047 927 1210 963 vespere
1234 925 1271 952 et
1295 928 1410 952 mane
1442 915 1524 951 dies
1557 929 1672 961 unus,
1707 915 1833 952 eciam

516 972 713 1019 capiendo
759 971 878 1008 finem
925 972 1018 1018 diei,
1063 986 1136 1021 pro
1183 987 1262 1022 quo
1306 973 1355 1009 sit
1393 986 1531 1010 verum
1573 974 1704 1021 ipsum
1753 986 1836 1010 esse

516 1030 688 1075 factum3
730 1030 832 1066 sicut
870 1043 964 1078 ergo
1004 1041 1201 1068 mutatum
1237 1044 1320 1068 esse
1353 1044 1393 1067 se
1426 1033 1545 1067 habet
1584 1033 1634 1068 ad
1675 1032 1837 1077 mutari,

517 1087 572 1123 sic
605 1088 754 1124 factum
789 1100 873 1124 esse
905 1090 956 1124 ad
990 1088 1089 1136 fieri,
1124 1102 1214 1125 cum
1249 1089 1327 1125 sint
1358 1089 1463 1125 idern
1498 1090 1559 1126 vel
1590 1102 1734 1138 prope:
1768 1092 1835 1126 sed
1857 1097 1894 1129 15

517 1146 674 1181 nullum
709 1155 909 1183 mutatum
941 1159 1024 1183 esse
1055 1156 1124 1193 est,
1155 1147 1231 1184 nisi
1254 1147 1386 1184 subito
1409 1147 1450 1183 in
1473 1147 1551 1184 fine
1574 1147 1836 1193 mutacionis;

519 1215 613 1251 ergo
653 1216 724 1252 per
762 1203 869 1240 idem
910 1217 1030 1241 omne
1068 1205 1219 1242 facturn
1261 1218 1344 1242 esse
1383 1214 1440 1241 est
1473 1205 1603 1242 subito
1637 1207 1765 1242 solum
1799 1205 1839 1241 in

521 1261 600 1297 fine
634 1262 842 1298 faccionis.

595 1426 633 1446 12.
658 1418 731 1447 Gen.
753 1418 767 1446 I
784 1398 821 1451 5,,
835 1420 1012 1455 factumque
1032 1420 1116 1456 Vulg.

527 1513 566 1546 τὸ
593 1511 782 1556 γινόμενον
806 1513 1001 1556 γεγονέναι,
1028 1511 1096 1546 ὅσα
1121 1513 1283 1558 διαιρετὰ
1309 1513 1369 1547 καὶ
1397 1519 1541 1559 συνεχῆ·
1569 1515 1613 1548 οὐ
1639 1515 1762 1558 μέντοι
1786 1514 1841 1548 ἀεὶ

528 1556 546 1591 ὃ
564 1559 710 1602 γίνεται,
735 1559 807 1592 ἀλλ’
824 1560 906 1593 ἄλλο
932 1558 1057 1601 ἐνίοτε,
1084 1557 1163 1594 οἷον
1187 1565 1262 1593 τῶν
1285 1559 1424 1594 ἐκείνου
1450 1574 1483 1593 τι
1510 1561 1630 1604 ὥσπερ
1647 1566 1711 1605 τῆς
1728 1560 1844 1601 οἰκίας

528 1605 592 1638 τὸν
620 1606 792 1649 θεμέλιον
821 1606 977 1662 Ὁμοίως
1011 1606 1051 1639 δὲ
1081 1620 1141 1640 και
1166 1605 1224 1640 ἐπι
1250 1611 1314 1640 τοῦ
1335 1608 1590 1665 φθειρομένου
1615 1608 1676 1641 καὶ
1700 1606 1841 1652 ἐφθ-οιρ

527 1651 655 1694 μένου
696 1651 810 1691 εὐθὺς
835 1652 902 1696 γὰρ
928 1651 1118 1698 ἐνυπάρχει
1144 1657 1193 1698 τῷ
1219 1654 1396 1698 γινομένῳ
1431 1654 1490 1687 καὶ
1522 1658 1570 1699 τῷ
1607 1654 1840 1698 φθειρομένῳ

527 1697 680 1741 ἀπειρόν
716 1710 749 1730 τι
788 1702 927 1743 συνεχεῖ
961 1711 999 1742 γε
1037 1700 1125 1743 ὄντι,
1157 1712 1216 1732 και
1252 1700 1318 1733 οὐκ
1355 1700 1453 1733 ἔστιν
1483 1701 1566 1733 οὔτε
1596 1701 1763 1743 γίνεσθαι
1794 1700 1842 1744 μὴ

527 1744 670 1787 γεγενός
696 1757 730 1777 τι
754 1745 838 1778 οὔτε
862 1746 1045 1788 γεγονέναι
1070 1745 1118 1790 μὴ
1144 1746 1333 1790 γινόμενόν
1358 1759 1402 1779 τι.
