2056 3234
220 186 309 214 CAP·
332 186 440 214 XVlll-
548 189 606 220 DE
632 189 754 219 ENTE
783 188 1203 219 PREDICAMENTALI.

221 293 436 330 affeccione
459 293 518 329 sui
543 293 758 339 commodi,
793 293 887 341 quia
919 305 999 328 non
1032 292 1203 328 afficitur
1236 292 1402 338 talibus3
1437 305 1526 328 curn

220 364 314 399 ergo
359 364 490 397 omne,
537 352 644 399 quod
685 360 742 386 est
788 350 827 386 in
874 351 1037 396 mundo,
1084 358 1151 386 aut
1195 350 1526 397 concupiscencia

219 408 349 444 carnis
388 418 455 445 aut
495 408 824 456 concupiscencia
857 408 1081 453 oculorum,
1128 416 1195 443 aut
1232 407 1418 455 superbia
1450 407 1527 443 vite

218 466 348 514 prima
387 469 444 502 Jo.
487 470 546 513 20,
592 474 715 514 patet,
761 467 868 514 quod
913 474 1123 513 peccatum
1171 465 1423 512 dyabolicum
1471 473 1527 500 est

185 523 417 572 5superbia.

276 581 383 627 Quid
430 590 562 617 autem
609 582 801 628 dyabolus
846 581 969 616 voluit
1015 589 1071 616 est
1119 579 1297 616 dubium.
1352 579 1525 625 Quidam

218 648 349 675 autem
384 638 534 685 dicunt,
569 640 677 687 quod
709 638 807 675 vidit
840 638 879 674 in
900 639 1032 674 Verbo
1065 640 1192 673 Deum
1227 646 1524 684 assumpturum

217 705 403 732 naturam
428 698 660 741 humanam,
695 705 731 732 et
754 695 924 732 videndo
947 695 1085 740 voluit,
1116 696 1223 743 quod
1247 694 1526 743 assumpsisset

216 763 400 790 naturam
436 767 569 799 suam3
603 755 671 790 sed
705 755 779 790 hoc
811 766 892 789 non
926 762 983 789 est
1005 753 1221 789 verisimile
1246 761 1409 801 propter
1433 754 1525 788 duo.

163 829 201 849 10
218 812 365 857 Pri-mo,
413 824 501 847 cum
542 811 692 848 visione
732 812 839 847 clara
878 819 987 847 tante
1027 810 1215 846 bonitatis
1247 823 1329 847 non
1361 819 1437 846 stat
1469 810 1527 846 in-

218 869 335 905 vidia.
390 871 589 915 Secundo,
635 869 729 917 quia
763 882 784 905 a
816 868 1014 916 probabili
1048 867 1230 904 Christus
1272 881 1351 904 non
1390 867 1525 904 fuisset

215 927 458 972 incarnatus,
492 927 523 963 si
557 928 679 963 homo
711 927 771 963 vel
794 927 986 974 dyabolus
1009 938 1090 962 non
1113 935 1328 974 peccasset.
1354 925 1526 961 Vidisset

215 997 307 1032 ergo
330 984 524 1033 implicite
557 997 693 1021 casum
727 997 858 1030 suum,
894 993 930 1020 et
953 983 1008 1020 sic
1031 984 1091 1020 vel
1124 983 1316 1020 doluisset
1339 983 1522 1031 potencia

214 1044 452 1090 precedente
475 1051 700 1090 peccatum,
725 1042 855 1090 ipsum
881 1054 1017 1078 casum
1041 1041 1238 1086 nolendo;
1271 1041 1332 1078 vel
1354 1041 1524 1078 volendo

160 1105 347 1137 &casum
383 1113 498 1136 suum
532 1101 669 1137 fuisset
705 1109 904 1147 peccator,
938 1108 981 1135 ut
1005 1099 1135 1147 arguit
1158 1099 1370 1135 Anselmus
1402 1098 1442 1134 in
1468 1100 1525 1134 De

214 1170 308 1194 casu
329 1157 495 1206 Dyaboli
515 1159 571 1194 50.
597 1157 730 1206 Aliqui
753 1167 887 1194 autem
911 1165 1064 1205 putant,
1091 1158 1198 1205 quod
1222 1165 1332 1193 actus
1353 1155 1524 1192 Luciferi

213 1216 286 1252 suit
326 1216 476 1252 noticia
516 1224 806 1261 creaturarum,
851 1215 892 1251 in
926 1227 1004 1263 qua
1037 1215 1281 1251 fundabatur
1314 1213 1524 1250 ommissio

213 1274 444 1321 resurgendi
477 1272 517 1309 in
550 1275 677 1309 Deum
723 1273 986 1318 laudandum,
1031 1272 1134 1308 sicut
1171 1272 1349 1308 fecerunt
1393 1271 1523 1319 angeli

214 1331 455 1377 confirmati,
500 1331 684 1367 faciendo
730 1343 846 1367 mane
892 1331 1067 1367 secundo
1107 1329 1198 1365 diei.
1244 1329 1321 1365 Alii
1366 1337 1522 1377 putant,

155 1391 321 1437 zoquod
368 1388 493 1425 voluit
540 1388 898 1425 confirmacionem
947 1400 1061 1424 suam
1110 1386 1337 1432 accelerari,
1388 1395 1423 1423 et
1468 1386 1523 1423 sic

211 1446 417 1483 ommissio
449 1446 669 1483 volucionis
702 1446 763 1482 vel
796 1445 1095 1494 complaceneie
1127 1445 1168 1481 in
1192 1446 1313 1481 domo
1333 1444 1404 1481 Dei
1428 1453 1522 1481 tunc

212 1504 347 1540 habita
385 1512 496 1540 tanta
538 1516 581 1540 ex
613 1503 832 1552 cupiditate
877 1503 1058 1549 alicuius,
1107 1504 1216 1551 quod
1259 1515 1341 1539 non
1386 1502 1521 1538 debuit

211 1563 370 1609 habere,
416 1561 671 1609 principiavit
714 1561 814 1597 illud
859 1570 1081 1609 peccatum,
1128 1569 1164 1597 et
1203 1560 1259 1596 sic
1298 1561 1345 1596 de
1385 1559 1520 1596 multis

211 1619 340 1655 modis
387 1619 566 1664 dicendi3
619 1618 685 1667 qui
738 1631 878 1655 omnes
930 1628 1036 1655 recte
1089 1618 1311 1655 sencientes
1359 1617 1399 1653 in
1444 1617 1520 1653 isto

153 1682 192 1715 25
210 1677 465 1723 conveniunt,
499 1678 607 1725 quod
638 1676 797 1713 iusticia
822 1686 878 1713 est
902 1678 1163 1713 conformitas
1195 1676 1272 1712 vite
1306 1674 1519 1711 racionalis

210 1737 259 1771 ad
311 1735 560 1772 voluntatem
613 1734 848 1779 increatam,
909 1747 986 1782 que
1039 1734 1200 1783 quidem
1255 1732 1518 1769 conformitas

209 1792 405 1829 rectitudo
429 1792 593 1838 dicitur;
627 1792 829 1828 iniusticia
858 1801 1006 1838 autem,
1042 1791 1200 1828 malicia
1223 1791 1284 1827 vel
1306 1799 1517 1838 peccatum

210 1860 265 1887 est
304 1850 542 1887 difformitas
586 1859 697 1886 actus
742 1858 884 1886 nature
928 1850 1141 1886 racionalis
1180 1850 1230 1885 ad
1269 1849 1516 1884 voluntatem

208 1910 267 1944 vel
299 1909 476 1956 regulam
510 1908 742 1953 increatam,
777 1916 814 1943 et
846 1907 977 1944 omnis
1009 1907 1099 1944 talis
1131 1907 1321 1943 fundatur
1354 1905 1394 1942 in
1426 1906 1517 1941 sub-

152 1973 193 2005 30
208 1966 362 2015 stancia
396 1975 433 2002 et
469 1974 560 2002 actu
593 1967 712 2001 bono.

266 2025 383 2069 Quod
429 2032 561 2060 autem
607 2023 759 2071 primus
798 2031 909 2059 actus
950 2022 1102 2070 peccati
1137 2020 1308 2057 Luciferi
1346 2033 1427 2056 non
1466 2020 1516 2056 sit

207 2094 277 2129 per
299 2094 339 2117 se
362 2090 429 2118 aut
452 2080 773 2129 inseparabiliter
807 2081 948 2127 malus,
982 2088 1091 2128 patet
1123 2078 1346 2126 tripliciter.
1382 2077 1515 2114 Primo

208 2151 250 2175 ex
284 2140 371 2185 hoc,
406 2140 513 2187 quod
545 2138 676 2174 omnis
709 2138 799 2174 talis
832 2147 888 2174 est
923 2137 1101 2174 eiusdem
1135 2136 1280 2185 speciei
1312 2134 1514 2183 specialis-

207 2197 305 2233 sime
339 2210 428 2233 cum
463 2205 553 2233 actu
593 2195 811 2232 terminato
845 2197 893 2232 ad
928 2195 1135 2231 conforme
1173 2196 1324 2230 bonum
1359 2201 1395 2228 et
1427 2193 1514 2228 fun-

150 2259 189 2294 35
207 2256 300 2291 dato
333 2254 373 2290 in
406 2253 603 2291 conformi
635 2262 779 2290 natura
810 2253 1091 2297 intellectuali3
1136 2253 1204 2288 sed
1243 2250 1387 2298 aliquis
1424 2250 1514 2286 talis

191 2313 265 2348 ,vel
298 2314 344 2348 de
377 2313 482 2348 facto
515 2312 574 2348 vel
614 2312 661 2347 de
693 2310 871 2359 possibili
911 2319 967 2347 est
1006 2310 1151 2354 iustus;
1198 2321 1289 2356 ergo
1329 2308 1393 2344 ille
1434 2320 1514 2344 non

206 2379 263 2406 est
296 2369 613 2417 inseparabiliter
659 2370 799 2405 malus.
850 2367 1154 2416 Consequencia
1199 2374 1307 2414 patet
1347 2378 1390 2401 ex
1424 2366 1512 2409 hoc,

273 2514 310 2543 31.
334 2515 425 2550 Quod
447 2524 463 2542 e
483 2517 663 2542 correctura
685 2514 715 2541 in
737 2514 802 2541 cod.

271 2620 303 2650 4.
338 2610 356 2642 I
379 2610 457 2641 Jolz.
486 2612 518 2649 2,
544 2613 586 2642 16
612 2614 645 2642 et
671 2608 955 2650 concupiscentia
984 2607 1104 2640 carnis
1136 2611 1169 2639 et
1194 2631 1201 2638 .
1220 2631 1228 2639 .
1248 2630 1255 2637 .
1287 2611 1321 2639 et
1346 2607 1511 2648 superbia

207 2657 302 2698 Vulg.
396 2655 445 2687 16.
464 2657 547 2687 Ans.
568 2657 609 2687 de
629 2666 708 2687 casu
727 2654 825 2686 Diab.
844 2654 888 2685 IV
908 2654 991 2694 (non
1016 2653 1056 2695 V)
1077 2654 1216 2696 (Migne
1238 2654 1296 2685 CL
1306 2653 1394 2684 VIII
1405 2653 1512 2693 333).-

203 2703 286 2734 Jam
315 2702 424 2744 igitur
451 2702 514 2734 tibi
540 2702 769 2742 manifestum
798 2710 871 2733 esse
884 2705 971 2742 puto
990 2710 1038 2732 ex
1057 2700 1255 2732 rationibus
1274 2699 1511 2741 suprapositis

202 2749 378 2780 diabolum
406 2753 528 2790 sponte
554 2748 715 2780 amisisse
742 2748 839 2784 velle,
867 2747 961 2788 quod
986 2746 1140 2784 debebat,
1168 2750 1201 2777 et
1228 2747 1317 2776 iuste
1342 2745 1511 2782 amisisse,

180 2820 185 2823 .
202 2795 293 2836 quod
318 2795 478 2826 habebat.

1739 182 1811 228 175

1552 588 1647 615 What
1668 589 1717 615 the
1738 589 1817 616 devil

1615 623 1746 650 desired.

1547 2026 1648 2054 Three
1669 2035 1794 2055 reasons

1548 2062 1619 2097 why
1639 2061 1787 2089 Lucifer‘s

1546 2096 1610 2123 first
1630 2101 1676 2123 act
1695 2096 1730 2123 of
1747 2097 1792 2124 sin

1564 2135 1676 2157 cannot
1697 2132 1771 2158 have

1565 2165 1639 2192 been
1662 2166 1720 2192 bad
1742 2166 1771 2192 in

1622 2199 1713 2227 itself.

1545 2234 1567 2261 Ι.
1589 2234 1688 2270 Every
1709 2235 1783 2262 such

1564 2273 1611 2295 act
1630 2270 1656 2296 is
1676 2269 1710 2296 of
1726 2269 1776 2296 the

1529 2311 1613 2330 same
1633 2304 1750 2339 species
1771 2312 1803 2330 as

1564 2338 1651 2365 those
1671 2338 1773 2365 which

1563 2372 1623 2399 aim
1644 2376 1674 2398 at
1693 2373 1773 2408 good

1528 2406 1586 2433 and
1602 2415 1652 2434 are
1667 2407 1802 2434 founded

1614 2441 1644 2468 in
1666 2442 1715 2468 the

1574 2476 1755 2503 intellectual

1608 2514 1723 2538 nature.
