2056 3234
189 193 277 221 CAP-
300 193 364 220 XX·
519 196 577 227 DE
604 195 726 226 ENTE
754 195 1172 226 PREDICAMENTALI.

190 312 246 339 est
284 302 323 337 in
357 300 519 337 instanti
560 300 733 348 presenti
767 309 882 336 vocat
915 301 1182 348 Philosophus
1216 313 1283 336 ens
1317 301 1356 336 in
1390 311 1492 346 actu,

189 370 225 397 et
255 359 332 396 alia
363 368 469 395 extra
499 359 649 394 instans
681 366 796 393 vocat
833 357 958 393 eciam
990 358 1030 393 in
1064 358 1272 406 potencia3
1308 367 1345 394 et
1378 360 1493 406 plane

189 426 298 466 patet
338 429 381 453 ex
419 416 562 462 verbis,
602 428 645 452 ex
684 415 887 451 sentencia
926 415 1161 464 Philosophi
1201 425 1237 452 et
1277 417 1492 453 Commen-

188 475 327 511 tatoris
360 474 432 519 sui,
467 475 575 522 quod
608 482 741 521 partes
765 472 959 520 temporis
992 482 1096 520 sunt,
1128 473 1220 510 licet
1250 486 1329 510 non
1359 474 1491 520 simul,

154 533 229 569 5ut
262 541 371 580 patet
409 540 639 568 commento
680 531 789 566 1030.
836 532 952 576 Quod
991 540 1125 567 autem
1164 544 1404 579 permanens
1443 531 1492 567 sit

188 589 499 638 multiplicatum
546 602 616 636 per
659 597 829 636 tempus,
875 597 983 636 patet
1028 598 1258 625 commento
1298 593 1409 636 1040,
1455 598 1491 625 et

186 648 291 684 idem
326 647 446 683 sensit
478 646 738 694 Augustinus.

244 704 435 741 Similiter
478 704 585 741 iuxta
629 703 923 740 incarcerantes
962 705 1081 740 verba
1120 705 1167 740 de
1206 712 1388 752 presente
1432 717 1489 740 se-

186 763 333 811 quitur,
367 764 475 810 quod
507 774 626 798 omne
658 761 926 798 successivum
961 761 1117 797 finitum
1151 762 1294 798 rariter
1317 762 1491 798 maiora-

133 831 171 852 10
187 821 291 857 bitur
334 820 395 857 vel
439 819 705 856 minorabitur
749 831 875 866 usque
914 820 963 854 ad
1002 832 1083 855 non
1129 828 1337 867 quantum,
1383 820 1490 868 quod

186 888 244 915 est
276 877 536 925 impossibile.
582 879 630 913 Et
664 876 956 925 consequencia
989 876 1044 913 sic
1079 878 1284 925 probatur,
1324 877 1355 913 si
1388 890 1488 913 non:

185 936 235 972 sit
256 937 289 972 A
313 937 412 971 hora
435 936 581 980 futura,
616 948 691 983 que
724 947 805 971 non
838 933 1102 970 maiorabitur
1125 936 1184 971 vel
1209 935 1487 971 minorabitur.

186 996 350 1039 Contra,
367 994 399 1029 A
416 993 546 1041 capiet
569 1005 681 1029 suam
706 992 974 1040 quantitatem
999 1005 1043 1028 ex
1066 992 1304 1029 causacione
1327 1005 1489 1029 suarum

185 1051 382 1100 parcium,
422 1064 520 1099 quas
559 1052 698 1099 perdet
730 1063 856 1098 usque
889 1052 939 1086 ad
972 1063 1053 1086 non
1085 1059 1293 1099 quantum,
1328 1064 1421 1098 ergo
1454 1060 1491 1086 et

133 1109 167 1141 15
185 1110 268 1146 eius
302 1109 632 1156 magnitudinem,
667 1121 743 1157 que
767 1108 841 1144 erit
864 1107 1026 1144 effectus
1049 1121 1200 1144 earum.
1235 1108 1361 1144 Aliter
1385 1108 1489 1145 enim

184 1176 388 1215 oporteret
432 1166 576 1212 dicere,
623 1168 731 1214 quod
777 1165 1013 1213 magnitudo
1058 1166 1271 1202 successivi
1318 1175 1374 1202 est
1419 1166 1491 1202 im-

185 1225 388 1274 pertinens
435 1224 701 1272 magnitudini
746 1223 957 1260 cuiuslibet
994 1236 1062 1260 sue
1106 1224 1242 1272 partis,
1288 1237 1377 1260 cum
1424 1224 1491 1259 illa

187 1282 421 1330 magnitudo
461 1291 591 1330 potest
625 1294 708 1318 esse
741 1281 896 1329 integra
929 1281 1012 1317 sine
1046 1282 1333 1330 cuiuscumque
1366 1282 1490 1330 partis

186 1340 474 1388 magnitudine,
507 1348 550 1375 ut
582 1348 742 1388 oportet
776 1339 921 1375 dicere.
954 1341 1036 1376 Nec
1067 1341 1172 1376 valet
1205 1340 1349 1386 dicere,
1383 1341 1489 1388 quod

129 1409 170 1430 20
185 1411 303 1435 omne
335 1399 413 1434 tale
446 1398 714 1434 successivum
748 1397 915 1445 requirit
940 1406 1071 1445 partes
1095 1410 1370 1446 quascumque
1393 1410 1490 1443 esse,

184 1456 303 1492 fuisse
335 1456 396 1492 vel
428 1456 524 1501 fore,
558 1455 650 1504 quia
684 1464 836 1492 certum
870 1464 940 1501 est,
974 1457 1082 1503 quod
1115 1465 1247 1503 partes
1279 1455 1398 1492 fuisse
1431 1456 1491 1491 vel

184 1515 269 1550 fore
303 1523 359 1550 est
392 1513 653 1561 impertinens
687 1515 736 1550 ad
769 1523 926 1560 tempus
951 1526 1034 1549 esse
1057 1513 1165 1549 iuxta
1188 1513 1243 1549 sic
1266 1514 1489 1561 loquentes,

185 1581 222 1608 et
255 1583 552 1620 quamcumque
592 1580 747 1619 partem
782 1583 865 1607 esse
899 1582 955 1607 est
995 1571 1258 1619 impertinens
1292 1573 1342 1607 ad
1375 1584 1488 1607 suum

184 1639 312 1666 totum
347 1629 615 1665 successivum
640 1642 736 1676 esse,
771 1630 879 1678 quod
904 1629 959 1665 sic
983 1631 1189 1676 probatur.
1225 1631 1490 1678 Quacumque

128 1688 167 1720 25
184 1696 297 1736 parte
330 1687 486 1735 signata
519 1700 608 1723 cum
642 1700 714 1723 suo
748 1696 833 1723 toto
866 1700 947 1723 non
970 1687 1167 1735 sequitur:
1202 1690 1278 1723 Ista
1304 1700 1394 1735 pars
1419 1696 1488 1732 est,

184 1758 278 1793 ergo
317 1747 391 1781 hoc
430 1754 559 1781 toturn
599 1754 670 1790 est,
717 1758 807 1781 cum
847 1745 1045 1792 reliquum
1090 1758 1310 1793 numquam
1357 1754 1489 1793 posset

184 1816 267 1839 esse
300 1804 478 1839 futurum
512 1816 582 1851 per
615 1803 885 1839 cessacionem
920 1811 1064 1848 motUS,
1099 1812 1228 1839 stante
1256 1812 1391 1839 tamen
1413 1803 1489 1839 ista

184 1870 309 1909 parte.
343 1863 424 1897 Nec
447 1860 646 1909 sequitur:
682 1862 756 1897 hoc
789 1869 918 1896 totum
953 1870 1022 1905 est,
1058 1873 1150 1908 ergo
1184 1860 1260 1897 ista
1292 1874 1384 1910 pars
1417 1870 1487 1906 est,

183 1928 225 1954 ut
259 1918 354 1955 dicit
387 1931 447 1965 eo,
492 1920 600 1967 quod
639 1931 757 1954 omne
796 1918 1060 1955 successivum
1096 1928 1166 1963 est,
1211 1919 1284 1954 fuit
1316 1920 1377 1955 vel
1416 1919 1488 1954 erit

128 1978 168 2009 30
184 1977 366 2018 antevvel
405 1986 494 2024 post
532 1989 830 2025 quamcumque
868 1985 1025 2024 partem
1064 1976 1276 2024 signatam,
1322 1985 1359 2013 et
1398 1990 1488 2013 cum

184 2033 319 2070 omnia
352 2034 429 2070 sint
462 2034 780 2082 impertinencia‚
815 2036 864 2070 ad
888 2047 1059 2082 quorum
1091 2043 1275 2070 neutrum
1309 2034 1488 2082 sequitur

184 2092 397 2140 reliquum,
443 2092 622 2140 sequitur
654 2105 773 2128 omne
806 2091 1072 2128 successivum
1107 2105 1191 2128 esse
1225 2092 1487 2140 impertinens

185 2149 348 2186 cuilibet
381 2162 449 2185 sue
481 2149 600 2197 parti.
636 2152 689 2185 Ex
714 2163 792 2197 quo
815 2149 995 2197 sequitur
1028 2150 1179 2186 nullam
1212 2158 1368 2197 partem
1401 2163 1487 2186 suc-

184 2207 322 2243 cessivi
368 2220 532 2244 causare
577 2220 692 2243 suum
737 2216 880 2253 totum,
927 2220 1017 2243 cum
1062 2220 1142 2243 non
1181 2207 1399 2255 requiritur
1438 2210 1487 2243 ad

127 2265 166 2299 35
183 2277 266 2301 esse
299 2265 357 2301 sui
390 2265 531 2311 tocius,
565 2267 633 2301 sed
666 2265 715 2301 sit
749 2265 933 2301 accidens
965 2278 1036 2302 suo
1068 2265 1156 2310 toti,
1181 2265 1275 2313 quia
1307 2266 1418 2301 adest
1451 2274 1487 2301 et

183 2324 294 2358 abest
326 2331 459 2370 preter
492 2323 658 2359 subiecti
692 2323 1014 2370 corrupcionem.
1048 2325 1103 2358 Ex
1126 2336 1205 2371 quo
1238 2331 1360 2370 patet,
1395 2336 1485 2359 cum

185 2380 395 2416 cuiuslibet
438 2380 560 2427 partis
604 2381 816 2417 successivi
862 2380 1096 2428 magnitudo
1133 2381 1182 2416 sit
1226 2381 1486 2428 impertinens

185 2437 240 2473 illi
274 2438 512 2484 successivo,
547 2440 654 2486 quod
688 2448 724 2474 et
758 2438 993 2485 magnitudo
1027 2447 1111 2475 tota
1143 2438 1193 2474 sit
1225 2438 1486 2486 impertinens

185 2496 235 2531 ad
258 2508 342 2531 esse
375 2495 517 2541 tocius,
552 2508 643 2532 cum
675 2496 724 2532 sit
757 2495 943 2532 accidens
975 2496 1050 2532 toti
1083 2495 1319 2541 successivo,
1354 2505 1390 2532 et
1413 2496 1486 2532 sibi

123 2552 466 2601 4oirnpertinens3
500 2562 629 2590 totum
664 2566 757 2601 ergo
791 2562 847 2589 est
881 2566 951 2601 per
984 2553 1170 2590 accidens
1204 2562 1416 2601 quantum;
1450 2563 1486 2590 et

185 2623 273 2647 curn
309 2612 499 2659 deperdet
530 2611 610 2657 illa,
655 2619 820 2659 propter
852 2624 928 2659 que
961 2620 1018 2647 est
1051 2620 1246 2659 quantum
1279 2624 1403 2659 usque
1437 2613 1486 2648 ad

250 2814 281 2846 7.
307 2804 533 2846 Augustinus]
563 2804 720 2836 Confess.
745 2805 787 2835 XI
820 2804 868 2843 18,
894 2806 939 2848 cf.
964 2814 1073 2847 supra
1093 2815 1184 2847 pag.
1208 2808 1278 2836 191.

1708 198 1780 233 ῐ97

1521 710 1632 737 Errors
1652 712 1762 738 caused

1513 745 1550 780 by
1570 745 1702 780 limiting
1722 750 1773 772 too

1523 780 1637 815 closely
1657 780 1761 807 words

1523 816 1561 841 de
1600 815 1769 841 resentz'.1t

1513 850 1560 876 lan
1588 857 1601 875 s
1623 857 1658 875 us
1678 850 1708 876 in
1730 850 1778 876 the

1523 884 1683 919 absurdity
1703 884 1767 910 that

1540 927 1555 945 a
1577 919 1676 945 whole
1697 919 1751 945 has

1523 953 1652 987 nothing
1672 957 1701 979 to
1723 953 1762 980 do

1518 988 1592 1015 with
1613 988 1651 1014 its
1673 993 1767 1023 parts.
