2056 3234
241 168 315 214 198

232 405 300 433 The
314 403 510 432 ‘successive‘

266 444 380 467 cannot
399 439 477 466 exist

244 475 376 502 without
396 474 433 501 all
454 474 493 501 its

234 514 330 545 parts,
351 509 452 536 which
473 508 503 536 in

268 544 401 579 thought
421 552 471 570 are

269 580 355 616 prior
375 584 405 606 to
425 578 476 606 the

316 615 425 642 whole.

979 171 1201 203 JOHANNIS
1228 170 1395 202 WICLIF
1660 168 1748 196 CAP.
1770 169 1835 197 XX.

525 292 606 316 non
639 280 823 327 gradum,
859 277 1053 326 sequitur,
1094 278 1202 325 quod
1236 276 1482 313 diminuetur
1513 289 1641 325 usque
1674 278 1724 313 ad
1756 290 1836 314 non

526 338 710 385 gradum,
757 344 794 372 et
827 348 897 383 per
936 335 1035 371 illud
1074 343 1206 383 potest
1250 334 1546 383 quantumlibet
1590 335 1834 383 prolongari.

582 396 684 431 Vere
724 406 818 442 ergo
857 394 1059 442 loquendo
1098 392 1253 429 nullum
1287 392 1555 429 successivum
1587 401 1719 441 potest
1753 405 1837 429 esse

526 452 609 489 sine
643 451 831 489 omnibus
864 451 945 488 suis
977 450 1157 500 partibus
1180 462 1250 499 per
1272 450 1457 486 ordinem
1491 450 1565 486 sibi
1589 450 1837 487 succedenti-

526 512 611 555 bus,
658 511 726 546 sed
766 518 931 546 econtra
975 508 1151 558 quelibet
1191 508 1274 544 eius
1312 520 1404 556 pars
1448 507 1558 556 prius
1601 509 1870 545 naturaliter5

526 581 646 617 quam
694 580 810 604 suum
849 575 994 613 totum,
1040 579 1129 603 cum
1169 566 1279 602 nulla
1319 564 1485 614 requirit
1524 565 1658 614 previe
1691 575 1837 615 partes,

527 635 744 674 antequam
779 633 999 674 componat
1032 625 1118 662 illas
1153 624 1391 672 integrando
1425 632 1569 660 totum.
1600 621 1604 675 Ι
1856 627 1977 661 F.238

583 686 665 720 Nec
709 683 890 731 sequitur
933 684 1010 720 hoc
1054 681 1322 719 successivum
1369 690 1427 718 est
1472 681 1557 718 sine
1602 682 1677 718 ista
1725 691 1838 731 parte

520 741 731 788 existente,
772 753 865 790 ergo
905 749 963 778 est
1001 740 1085 777 sine
1123 740 1199 777 ista
1239 747 1373 788 parte3
1420 739 1514 787 quia
1546 741 1596 776 ad
1629 752 1713 776 esse
1746 741 1838 776 sim-

526 799 683 848 pliciter
728 798 811 835 sine
856 799 930 836 ista
975 807 1088 847 parte
1134 797 1351 847 requiritur
1391 810 1463 845 pro
1505 798 1616 834 nullo
1655 806 1896 846 temporem

525 859 673 894 habere
717 857 856 902 istam3
902 856 1004 894 sicut
1048 869 1141 905 ergo
1186 855 1317 893 omnis
1358 867 1449 903 pars
1489 855 1716 903 successivi,
1763 869 1839 905 que

525 915 599 952 fuit
630 915 691 952 vel
724 914 811 961 erit,
854 916 972 951 habet
1005 916 1209 963 quandam
1242 913 1496 963 prioritatem
1529 914 1755 950 naturalem
1789 916 1839 951 ad

525 982 669 1019 totum,
705 973 761 1010 sic
789 973 909 1010 estin
933 985 1121 1009 mensura
1153 984 1237 1018 sua,
1272 971 1304 1008 si
1337 984 1452 1007 suum
1487 980 1619 1007 totum
1654 981 1723 1008 est.
1756 975 1839 1010 Nec

526 1031 706 1079 privatur
749 1039 880 1068 totum
926 1030 1058 1080 aliqua
1099 1030 1159 1067 sui
1198 1038 1325 1078 parte,
1372 1029 1467 1078 quia
1510 1042 1671 1066 omnem
1717 1031 1836 1067 talem

527 1090 646 1125 habet
677 1102 751 1137 pro
782 1098 980 1137 tempore,
1026 1102 1104 1138 quo
1136 1097 1274 1125 natum
1309 1095 1366 1123 est
1399 1088 1547 1124 habere
1587 1087 1711 1125 illam.
1756 1091 1838 1126 Nec
1859 1090 1895 1122 15

526 1155 660 1196 posset
705 1147 815 1195 prius
859 1156 927 1184 aut
970 1147 1169 1195 posterius
1216 1147 1361 1182 habere
1405 1145 1528 1182 illam.
1585 1147 1658 1182 Res
1704 1156 1836 1183 autem

527 1218 767 1253 permanens
812 1205 992 1254 privatur
1037 1206 1130 1242 data
1173 1205 1304 1242 forma
1347 1211 1384 1239 et
1433 1212 1490 1240 est
1532 1212 1705 1251 protunc
1755 1205 1838 1242 sine

527 1264 595 1299 issa
629 1275 687 1309 eo5
734 1265 842 1312 quod
888 1272 1060 1312 protunc
1106 1264 1305 1312 complete
1338 1269 1375 1297 et
1407 1270 1503 1299 nata
1542 1262 1688 1299 habere
1729 1262 1836 1300 illam

528 1330 737 1370 tamquam
772 1321 859 1370 ipsa
892 1322 1104 1370 posterius.
1144 1321 1272 1358 Aliter
1305 1318 1410 1356 enim
1444 1331 1525 1357 non
1557 1319 1738 1368 privatur
1771 1322 1840 1358 ali-

530 1379 627 1428 quid
660 1379 752 1416 alio.
818 1401 824 1404 -
1858 1390 1899 1411 20
