2056 3234
229 174 301 209 108
957 182 1181 213 JoHANle
1210 182 1376 213 WICMF
1649 180 1737 208 CAP.
1761 181 1824 209 ΧΠ.

511 298 639 326 textus
671 297 799 334 sonat,
834 289 942 336 quod
976 287 1141 335 agencia
1167 298 1202 324 et
1226 287 1359 336 passio
1384 288 1693 337 distingwuntur
1725 290 1828 326 inter

511 360 565 394 se,
600 355 636 383 et
669 355 804 382 tamen
838 355 930 382 sunt
962 345 1068 382 idem
1105 356 1235 383 motus
1264 346 1304 382 in
1333 360 1515 393 numero,
1551 347 1829 395 equivocando

510 406 550 441 in
584 403 866 453 predicacione
900 403 984 440 sine
1019 403 1154 455 dubio,
1188 404 1292 440 sicut
1325 404 1395 450 illi,
1431 404 1499 453 qui
1533 405 1686 451 dicunt,
1721 408 1828 454 quod

510 465 609 511 ydee
641 462 947 510 distingwuntur
980 461 1083 498 inter
1106 475 1158 508 se,
1185 471 1221 498 et
1244 471 1379 499 tamen
1404 475 1543 499 omnes
1566 472 1658 500 sunt
1691 465 1829 500 eadem

511 530 656 558 natura
690 520 836 557 divina.
1848 525 1864 556 5

220 586 355 623 Answpr
374 590 405 612 to
426 585 490 612 first
568 581 629 615 Ad
654 579 831 627 primum
848 587 971 626 patet,
996 579 1105 626 quod
1131 578 1424 626 consequencia
1439 591 1520 615 non
1544 580 1665 625 valet3
1690 593 1831 628 quam-

219 621 494 682 ogfficenggslglffig).
510 637 566 674 vis
602 637 706 673 enim
742 649 822 673 una
843 637 985 685 forma
1016 637 1199 672 absoluta
1234 636 1380 672 sufficit
1414 636 1677 673 denominare
1711 650 1832 686 agens

270 690 352 717 form
373 697 444 729 may
511 708 628 743 agere
663 695 703 731 in
735 707 898 742 passum
945 703 982 730 et
1026 694 1158 742 ipsum
1193 706 1355 741 passum
1402 695 1542 742 repati,
1589 696 1663 731 hoc
1697 704 1832 732 tamen

231 724 476 794 lgssiiuffisasigg?
510 766 591 789 non
636 762 767 801 potest
812 765 910 798 esse,
956 751 1033 788 nisi
1078 751 1348 788 mediantibus
1393 754 1547 789 duabus
1593 753 1734 789 formis
1773 767 1832 790 re-

220 794 495 863 tffgthglngyopaeo
511 810 695 859 spectivis
730 810 979 847 diversorum
1013 822 1219 858 generum,
1260 823 1336 858 que
1375 819 1466 846 sunt
1506 823 1623 859 agere
1664 820 1700 848 et
1734 812 1830 859 pati.
1853 826 1891 846 10

221 863 613 925 fflssfflgcgiffffffgssNam
650 868 1022 905 contradiccionem
1057 868 1220 913 claudit,
1246 869 1354 916 quod
1378 868 1507 904 forma
1541 870 1725 905 absoluta
1759 883 1829 917 per

280 933 339 960 and
356 918 436 968 ραῐῗῖ
511 939 552 963 se
585 927 761 963 sufficiat
805 926 862 963 sic
896 925 1159 962 denominare
1193 938 1253 972 eo,
1289 928 1397 974 quod
1432 939 1522 962 cum
1557 927 1667 963 omni
1700 928 1831 964 forma

511 986 697 1022 absoluta
741 984 1002 1021 substanciali
1045 985 1104 1020 vel
1150 984 1401 1030 accidentali,
1437 997 1512 1032 que
1546 985 1594 1021 sit
1628 985 1831 1034 quantitas

510 1044 571 1080 vel
597 1043 782 1092 qualitas,
816 1052 906 1088 stat,
931 1044 1039 1091 quod
1073 1041 1297 1079 subiectum
1331 1055 1413 1078 non
1447 1052 1554 1090 agat,
1586 1044 1647 1080 vel
1679 1043 1831 1092 aliquid

512 1115 593 1138 non
640 1101 837 1149 paciatur.
895 1104 999 1149 Ergo
1045 1109 1178 1148 preter
1229 1101 1350 1137 talem
1394 1101 1567 1137 formam
1612 1101 1887 1149 requiritur15

513 1168 658 1205 motus,
694 1168 730 1195 et
763 1159 819 1195 sic
852 1171 969 1207 agere
1002 1171 1048 1194 ac
1087 1158 1170 1206 pati
1218 1158 1538 1205 superadditum,
1574 1168 1610 1196 et
1643 1159 1740 1195 illud
1774 1169 1831 1196 est

511 1218 640 1254 forma
694 1217 931 1265 respectiva,
979 1229 1056 1265 que
1108 1216 1366 1264 componitur
1410 1229 1563 1265 ponens
1611 1217 1828 1254 intenciam

512 1275 666 1324 agentis
712 1285 907 1324 tanquam
955 1284 1090 1312 actum
1135 1274 1399 1311 intrinsecum
1447 1284 1483 1312 et
1516 1275 1827 1323 proporcionem

512 1334 596 1370 eius
630 1335 680 1370 ad
714 1347 877 1382 passum
925 1333 1212 1377 extrinsecum3
1259 1342 1296 1369 et
1329 1332 1452 1369 tercia
1487 1346 1530 1370 ex
1564 1333 1639 1370 hiis
1673 1335 1829 1371 duobus

512 1385 1127 1440 successivam'producenciam
1173 1392 1301 1427 forme
1334 1392 1516 1428 absolute
1550 1391 1591 1427 in
1624 1405 1757 1440 passo,
1793 1401 1830 1428 et
1848 1405 1889 1426 20

513 1452 587 1486 hoc
620 1450 788 1487 tercium
825 1459 881 1486 est
904 1449 1068 1498 agencia
1092 1449 1327 1495 extrinseca,
1353 1458 1390 1485 et
1413 1451 1485 1486 hec
1508 1449 1584 1486 tria
1608 1450 1830 1498 respectiva

512 1517 672 1556 oportet
705 1521 856 1556 ponere
890 1507 930 1544 in
963 1516 1104 1555 agente
1137 1508 1242 1544 ultra
1275 1507 1485 1556 quodlibet
1517 1509 1762 1545 absolutum.

238 1569 298 1597 We
318 1574 484 1616 mustnor
571 1568 648 1603 Sed
693 1579 766 1614 pro
812 1565 1149 1602 denominacione
1195 1565 1397 1602 contraria
1441 1568 1678 1613 notandum,
1724 1568 1831 1615 quod

230 1605 485 1675 cfgsssijusssffigiffy*
512 1624 666 1673 aliquid
711 1624 944 1661 denominat
989 1623 1212 1660 formaliter
1255 1632 1298 1660 ut
1344 1624 1474 1660 forma
1519 1624 1748 1671 intrinseca,
1795 1634 1831 1661 et

264 1674 451 1744 *vglgpfihcfi'fss
511 1683 664 1731 aliquid
689 1683 907 1719 efficienter
929 1695 1098 1718 causans
1122 1681 1429 1730 quomodolibet
1453 1682 1830 1720 denominacionem
1849 1686 1889 1717 25

250 1744 465 1780 accidentally.
512 1740 692 1777 subiecti.
728 1743 809 1777 Nec
833 1741 937 1787 dico,
973 1742 1082 1789 quod
1106 1740 1475 1777 contradiccionem
1502 1741 1652 1777 claudit
1676 1740 1830 1790 aliquid

511 1798 765 1836 denominari
810 1799 885 1835 nisi
929 1798 1152 1834 formaliter
1197 1798 1480 1834 denominetur
1526 1799 1587 1835 vel
1632 1812 1652 1835 a
1687 1800 1829 1844 forma,

512 1870 587 1906 que
612 1866 668 1893 est
692 1857 825 1904 ipsum
851 1856 1156 1893 denominatum
1183 1856 1466 1902 essencialiter,
1491 1856 1523 1892 si
1546 1857 1830 1894 denominacio

512 1917 747 1951 extendatur
792 1916 842 1952 ad
887 1914 1145 1952 essencialem
1192 1914 1509 1961 inexistenciam,
1554 1916 1614 1951 vel
1660 1915 1775 1952 aliter
1809 1929 1830 1952 a

511 1974 642 2010 forma
675 1972 855 2010 subiecto
900 1972 1160 2009 denominato
1194 1972 1498 2009 accidentaliter
1543 1972 1764 2020 inherente,
1799 1973 1829 2009 si
1847 1978 1889 2009 30

512 2031 795 2068 denominacio
835 2031 1097 2079 restringatur
1138 2030 1300 2079 proprie
1339 2032 1389 2067 ad
1435 2030 1724 2068 accidentalem
1771 2031 1829 2068 in-

513 2089 756 2126 herenciam.

267 2149 449 2198 (fontraries
571 2149 756 2184 Secundo
804 2156 944 2183 notata
989 2146 1251 2183 distinccione
1296 2155 1488 2194 quattuor
1533 2147 1827 2195 oppositorum,

220 2185 444 2249 sorfiffiiffaffi
466 2219 495 2247 in
512 2206 614 2251 dico,
649 2207 758 2253 quod
803 2213 1001 2252 repugnat
1048 2203 1405 2241 denominaciones
1445 2205 1668 2241 contrarias
1702 2206 1830 2242 inesse

226 2256 276 2282 the
297 2263 382 2282 same
403 2262 491 2281 sense
512 2263 736 2299 formaliter
770 2264 991 2299 secundum
1015 2262 1121 2299 idem
1148 2271 1183 2298 et
1207 2275 1279 2310 pro
1303 2264 1443 2299 eadem
1478 2275 1665 2300 mensura
1700 2264 1828 2300 eidem
1846 2266 1885 2300 35

229 2290 259 2317 in
281 2297 339 2316 one
360 2289 419 2316 and
440 2289 491 2316 the

258 2323 460 2362 samothing.
512 2321 656 2357 ultimo
690 2320 895 2369 singulari.

221 2359 280 2421 {f}
298 2359 493 2428 ιέῗερῖἓὲἓῗξὲ
569 2379 714 2415 Tercio
760 2379 863 2424 dico,
898 2380 1007 2426 quod
1053 2379 1221 2415 eandem
1268 2391 1351 2414 rem
1387 2390 1468 2414 esse
1503 2378 1666 2415 diversis
1701 2380 1829 2416 delec-

234 2428 487 2498 petffsgris‘eirgndot
513 2437 676 2473 tabilem
730 2446 766 2473 et
811 2436 1049 2473 tristabilem
1094 2449 1175 2472 non
1214 2446 1305 2473 sunt
1351 2436 1565 2481 contraria,
1602 2437 1703 2473 sicut
1736 2447 1828 2474 sunt

221 2506 237 2525 a
258 2494 661 2537 contradictiomiustum
697 2504 734 2531 et
766 2494 972 2530 iniustum.
1022 2496 1123 2530 Nam
1158 2494 1263 2530 idem
1309 2494 1477 2540 visibile,
1524 2496 1633 2542 quod
1667 2504 1724 2531 est
1757 2495 1826 2531 uni

232 2540 443 2602 pleassslfftcriess
463 2567 488 2594 is
511 2552 611 2588 visui
644 2552 1005 2601 proporcionatum
1051 2561 1107 2588 est
1152 2551 1224 2588 sibi
1270 2552 1518 2598 delectabile,
1553 2561 1590 2589 et
1621 2553 1722 2589 visui
1754 2553 1828 2589 im·
1841 2566 1886 2597 40

291 2602 425 2629 relative.
512 2610 828 2658 proporcionato
861 2610 1068 2656 tristabile,
1113 2622 1204 2646 cum
1244 2610 1334 2646 talis
1367 2610 1416 2646 sit
1449 2610 1729 2648 denominacio
1768 2624 1828 2648 re—

512 2668 653 2715 lativa;
698 2668 848 2704 iustum
888 2677 1022 2705 autem
1070 2677 1126 2704 est
1171 2667 1453 2705 denominacio
1486 2669 1670 2705 absoluta
1704 2669 1827 2717 respi-

583 2823 608 2849 7.
630 2814 729 2841 forma
750 2814 869 2841 addidi.
893 2813 989 2841 cem..-
1009 2820 1042 2840 vu
1056 2814 1121 2841 abst·
1134 2813 1272 2847 ss1t(sic).
1353 2821 1400 2847 42.
1422 2815 1532 2848 autem]
1555 2814 1621 2841 cod.
1633 2824 1642 2840 :
1664 2815 1690 2841 a'
1711 2826 1742 2838 =
1763 2818 1824 2842 aut.
