2056 3234
252 183 330 219 204

247 296 379 334 Priority
401 298 431 322 01
451 297 524 322 time

248 339 311 363 lmp
316 330 369 356 lies
390 331 453 357 that
467 338 525 357 one

981 182 1203 214 JOHANNIS
1229 183 1397 214 WICLIF
1657 180 1746 207 CAP.
1769 180 1848 207 XXI.

597 291 694 325 Item
717 290 936 325 secundum
964 288 1284 336 Philosophum
1275 302 1315 324 1n
1339 289 1650 336 predicamentis
1674 289 1849 336 capitulo

248 365 405 392 instantis
422 348 585 391 besmede
618 347 741 394 priori
775 355 832 383 est
865 348 958 382 dare
992 346 1168 394 quinque
1200 359 1345 394 genera
1378 346 1649 394 prioritatum,
1678 359 1848 394 quarum

315 401 452 426 another

294 1040 472 1074 Objcction:

258 1076 327 1102 One
349 1076 465 1102 instant
486 1076 510 1101 is

294 1116 345 1137 not
367 1110 470 1137 before

275 1146 413 1176 another,
436 1145 487 1171 but

263 1180 325 1207 will
344 1180 378 1206 be
401 1179 502 1206 before

312 1215 451 1241 another.

305 1262 455 1287 Answer:

285 1296 305 1322 1.
328 1295 416 1322 Then
438 1296 474 1322 all

251 1331 385 1357 instants
406 1330 507 1357 would

275 1366 309 1391 bc
330 1364 484 1392 identical.

273 1619 308 1646 ΙΙ.
331 1619 397 1646 The
417 1620 489 1655 only

251 1654 381 1688 existing
401 1654 518 1681 instant

285 1689 387 1716 xxould
412 1689 445 1716 be
467 1697 482 1715 1

263 1724 387 1756 middle,
411 1724 462 1751 but
483 1724 505 1750 it

284 1759 384 1786 would
410 1759 444 1785 be
465 1767 480 1784 a

245 1793 359 1820 middle
382 1794 516 1820 between

275 1837 335 1855 non
357 1829 487 1855 existent

261 1867 422 1896 extremes,
443 1862 500 1889 and

261 1898 297 1924 all
321 1898 423 1924 before
444 1897 502 1924 and

279 1932 355 1959 after
375 1932 478 1959 would

330 1975 426 1994 ceasc.

538 418 617 440 una
650 414 707 440 est
740 404 927 452 prioritas
961 404 1167 452 temporis,
1202 413 1238 440 et
1265 404 1331 440 illa
1355 413 1412 440 est
1436 404 1640 449 famosior,
1674 413 1716 440 ut
1739 413 1848 452 patet

541 463 584 498 50
628 462 908 510 Metaphisice3
960 464 1028 498 sed
1073 462 1319 510 impossibile
1364 471 1421 498 est
1467 475 1549 498 esse
1594 462 1847 509 prioritatem

537 520 743 568 temporis,
783 519 858 556 nisi
897 532 1020 555 unum
1061 519 1214 555 instans
1248 529 1380 567 posset
1413 533 1497 556 esse
1530 519 1684 568 reliquo
1719 520 1882 567 prius;5

537 591 630 625 ergo
664 579 741 614 hoc
776 587 832 614 est
866 577 1069 625 possibile.
1118 577 1157 614 Si
1192 577 1297 614 enirn
1331 579 1485 614 nullum
1524 578 1677 614 instans
1718 587 1848 625 potest

537 648 619 672 esse
653 635 809 684 reliquo
842 635 964 683 prius,
1004 644 1111 680 tunc,
1153 648 1243 671 cum
1285 645 1400 672 erunt
1440 635 1596 672 infinita
1636 635 1847 681 instancia,

536 706 656 741 quam
691 693 771 730 cito
805 693 878 729 erit
912 693 1078 741 aliquid,
1120 693 1193 729 erit
1226 703 1263 729 et
1296 693 1516 742 quodlibet,
1552 703 1587 730 et
1620 693 1676 730 sic
1709 693 1848 729 imme-

536 751 642 787 diate
686 760 777 799 post
818 752 892 787 hoc
934 751 1007 787 erit
1046 751 1253 800 quodlibet
1298 751 1462 797 instans,
1507 751 1601 799 quia
1646 751 1846 787 infinitum

537 809 630 854 cito,
670 819 706 845 et
746 809 801 845 sic
835 808 1043 857 quodlibet
1077 809 1230 845 instans
1264 809 1337 845 erit
1371 809 1651 845 immediatum
1687 809 1907 845 cuilibet10

537 876 573 903 et
617 867 701 903 sine
740 867 881 903 ordine
920 867 1075 903 nullum
1115 866 1266 903 instans
1307 867 1381 903 erit
1422 867 1612 915 primum,
1654 867 1844 912 medium,

536 925 595 961 vel
641 924 730 961 finis
775 925 944 961 alicuius
983 924 1190 972 temporis,
1233 934 1269 961 et
1312 926 1367 961 sic
1406 927 1453 961 de
1493 925 1698 972 preterito,
1739 926 1846 973 quod

538 983 780 1019 contradicit
813 982 945 1019 sensui
979 982 1316 1030 philosophorum
1351 993 1388 1019 et
1421 983 1553 1019 sensui
1587 982 1797 1031 scripture.

596 1042 688 1076 Ideo
734 1039 880 1077 dicitur
926 1049 1229 1088 consequenter,
1276 1043 1384 1089 quod
1430 1054 1511 1077 non
1556 1050 1613 1077 est
1659 1040 1847 1088 possibile

537 1111 661 1134 unum
694 1098 844 1135 instans
878 1111 963 1134 esse
995 1099 1056 1134 vel
1088 1099 1171 1134 fore
1195 1099 1351 1147 reliquo
1375 1098 1498 1147 prius,
1533 1101 1601 1135 sed
1624 1112 1747 1135 unum
1775 1099 1848 1135 erit
1868 1098 1904 1129 15

537 1156 660 1204 prius,
696 1169 816 1204 quam
851 1156 1051 1204 reliquum
1087 1156 1172 1192 erit.

595 1216 681 1250 Hoc
725 1224 860 1250 tamen
904 1214 1115 1262 tripliciter
1159 1214 1432 1262 impugnatur.
1488 1215 1621 1251 Primo
1670 1227 1713 1250 ex
1757 1215 1847 1260 hoc,

536 1273 644 1319 quod
677 1272 830 1308 nullum
866 1272 1017 1308 instans
1051 1272 1125 1308 erit
1158 1272 1265 1308 aliud
1305 1273 1364 1308 vel
1404 1273 1572 1308 alterum
1614 1285 1636 1309 a
1676 1272 1845 1320 reliquo,

536 1329 629 1377 quia
662 1339 757 1366 tunc
791 1329 974 1366 alienitas
1009 1330 1076 1366 illa
1109 1339 1242 1377 posset
1276 1343 1373 1376 esse,
1410 1339 1450 1366 ut
1484 1330 1581 1366 dicit
1614 1330 1844 1378 responsi03

536 1400 629 1435 ergo
664 1401 732 1435 per
765 1387 886 1433 idem,
926 1388 957 1424 si
990 1389 1022 1423 A
1055 1388 1208 1424 instans
1242 1388 1316 1424 erit
1349 1388 1458 1436 prius
1492 1402 1612 1436 quam
1647 1388 1845 1436 reliquum
1862 1396 1905 1417 20

535 1444 688 1482 instans
721 1445 808 1492 erit,
843 1446 1006 1494 aliquod
1039 1445 1192 1481 instans
1226 1446 1298 1482 erit
1332 1446 1530 1494 reliquum
1564 1448 1613 1482 ab
1641 1448 1685 1491 A,
1722 1455 1758 1482 et
1791 1445 1846 1481 sic

535 1516 605 1551 per
658 1503 763 1539 idem
815 1504 992 1540 alteritas
1044 1504 1105 1540 vel
1148 1503 1357 1540 alienietas
1402 1503 1518 1540 unius
1565 1504 1752 1540 instantis
1798 1505 1846 1540 ad

537 1562 708 1597 alterum
744 1570 801 1598 est
834 1561 1042 1609 signanda.

596 1619 788 1656 Similiter
820 1628 916 1655 tunc
948 1620 1102 1655 nullum
1125 1628 1282 1667 tempus
1308 1619 1468 1655 habebit
1493 1619 1670 1655 medium
1695 1619 1847 1655 instans

536 1677 597 1713 vel
641 1677 793 1714 instans
837 1677 876 1713 in
921 1677 1057 1725 aliquo
1101 1677 1241 1714 ordine
1282 1679 1331 1713 ad
1377 1678 1568 1722 alterum;
1614 1686 1714 1722 tum,
1754 1675 1903 1725 quia25

536 1735 665 1770 solum
719 1735 894 1771 medium
950 1735 1102 1771 instans
1154 1735 1315 1771 habebit
1360 1737 1646 1783 quodcumque
1689 1744 1847 1783 tempus

537 1792 708 1839 finitum,
743 1806 833 1829 cum
866 1794 1020 1829 nullum
1055 1793 1176 1839 aliud,
1198 1806 1318 1841 quam
1344 1793 1455 1838 illud,
1479 1806 1552 1829 nec
1573 1794 1700 1841 plura,
1726 1806 1846 1841 quam

536 1850 646 1896 illud,
680 1859 765 1887 tum
799 1851 941 1896 eciam,
976 1851 1069 1899 quia
1102 1864 1221 1887 omne
1256 1851 1431 1887 medium
1466 1851 1526 1887 vel
1559 1852 1673 1897 ordo,
1709 1851 1741 1887 si
1774 1860 1843 1895 est,

536 1908 632 1944 dicit
665 1918 852 1945 extrema.
902 1909 942 1945 Si
977 1909 1049 1945 erit
1082 1909 1178 1945 dicit
1212 1908 1295 1945 eius
1328 1918 1503 1945 extrema
1535 1909 1632 1955 fore,
1672 1918 1714 1945 ut
1752 1909 1783 1945 si
1815 1911 1848 1945 A

535 1966 609 2002 erit
633 1967 809 2003 medium
834 1967 935 2003 inter
957 1969 986 2002 Β
1011 1976 1047 2002 θῖ
1071 1968 1100 2003 C
1123 1968 1183 2003 vel
1215 1967 1494 2014 temporaliter
1526 1967 1586 2002 vel
1619 1967 1848 2003 eternaliter
1864 1966 1905 1997 30

535 2024 608 2060 erit
641 2024 817 2061 medium
851 2024 953 2060 inter
986 2024 1067 2071 illa,
1101 2034 1138 2060 et
1171 2024 1385 2073 utrobique
1418 2024 1608 2073 sequitur,
1643 2026 1751 2073 quod
1775 2025 1847 2061 erit

535 2082 712 2118 medium
747 2082 850 2118 inter
883 2082 1030 2130 aliqua,
1053 2084 1215 2130 quando
1242 2082 1330 2130 ipsa
1354 2095 1433 2118 non
1458 2092 1586 2119 erunt.
1620 2084 1721 2119 Ymo
1744 2083 1847 2119 inter

539 2140 688 2188 aliqua,
722 2153 894 2188 quorum
928 2141 1082 2176 nullum
1117 2149 1247 2188 potest
1281 2153 1363 2176 esse
1396 2141 1456 2176 vel
1488 2141 1585 2176 fore.

594 2198 788 2234 Similiter
832 2198 871 2234 in
916 2208 1068 2234 tantam
1116 2198 1325 2246 penuriam
1365 2199 1555 2246 loquendi
1595 2198 1846 2234 incarcerant

534 2268 573 2291 se
607 2256 713 2303 ipsos
745 2255 801 2292 sic
824 2257 1047 2304 loquentes,
1074 2258 1183 2304 quod
1207 2266 1498 2304 consequenter
1522 2256 1699 2292 dicerent
1722 2256 1845 2292 nichil
1862 2253 1901 2285 35

532 2313 653 2349 fuisse
686 2322 778 2350 ante
813 2315 888 2350 hoc
926 2314 1078 2350 instans
1116 2327 1189 2350 nec
1228 2314 1312 2350 fore
1353 2323 1443 2361 post
1481 2315 1556 2350 hoc
1594 2314 1745 2350 instans
1785 2327 1844 2360 eo,

533 2372 641 2419 quod
675 2371 855 2419 sequitur
890 2373 965 2408 hoc
999 2371 1072 2408 erit
1105 2381 1195 2408 ante
1227 2373 1261 2408 A
1294 2372 1460 2418 instans,
1501 2384 1595 2420 ergo
1628 2373 1661 2407 A
1693 2371 1845 2408 instans

600 2529 633 2559 4.
669 2520 722 2561 Cf.
745 2520 848 2551 Arist.
875 2520 993 2561 Categ.
1020 2530 1051 2563 9
1076 2521 1158 2552 1—3
1186 2527 1218 2551 et
1244 2519 1279 2552 6:
1312 2518 1499 2562 Πρότερον
1524 2518 1555 2550 δ’
1573 2516 1696 2562 ἑτέρου
1723 2517 1846 2562 ἕτερον

530 2563 668 2605 λέγεται
684 2568 873 2608 τετραχῶς.
888 2565 1044 2608 Πρῶτον
1057 2564 1122 2608 μὲν
1135 2564 1194 2597 καὶ
1208 2565 1414 2609 κυριώτατα
1433 2564 1524 2598 κατὰ
1542 2566 1604 2598 τὸν
1619 2564 1771 2609 χρόνον.

531 2609 661 2650 Δόξειε
692 2610 723 2642 ὃ
748 2610 794 2643 ἂν
824 2610 923 2655 παρὰ
954 2610 1039 2650 τοὺς
1072 2610 1282 2654 εἰρημένους
1312 2610 1372 2644 καὶ
1403 2610 1525 2655 ἕτερος
1548 2606 1641 2644 εἶναι
1664 2611 1842 2655 προτέρον

532 2655 666 2698 τρόπος
690 2669 720 2689 κ.
739 2668 768 2689 τ
786 2659 814 2689 λ.
844 2659 888 2690 Et
913 2659 1071 2690 eiusdem
1090 2660 1169 2690 Met.
1188 2660 1233 2691 IV
1259 2660 1309 2700 (in
1337 2659 1490 2700 antiquis
1515 2660 1593 2691 edd.
1617 2659 1658 2695 V)
1683 2669 1837 2698 11,1—2

532 2704 615 2744 (Ed.
643 2704 726 2736 Par.
755 2705 792 2735 II
817 2706 897 2741 523
922 2708 950 2736 11
968 2705 1048 2745 ss.):
1080 2703 1250 2747 Πρότερα
1273 2703 1332 2736 καὶ
1357 2705 1489 2745 ὕστερα
1512 2703 1650 2746 λέγεται
1673 2702 1751 2736 ἔνια
1776 2702 1841 2747 μὲν

534 2748 582 2786 ὡς
608 2748 713 2786 ὄντος
737 2750 834 2786 τινὸς
858 2749 1030 2792 πρώτου
1051 2776 1056 2781 .
1105 2748 1159 2791 ,ἢ
1185 2749 1308 2789 ἁπλῶς
1333 2749 1391 2783 καὶ
1417 2753 1458 2793 τῇ
1486 2750 1604 2792 φύσει,
1631 2747 1651 2792 ἢ
1678 2748 1769 2793 πρός
1795 2761 1838 2791 τι,

532 2791 553 2836 ἢ
578 2798 661 2835 ποῦ,
686 2793 707 2838 ἢ
733 2794 803 2828 ὑπό
830 2807 962 2828 τινων
983 2822 989 2827 .
1011 2822 1016 2828 .
1037 2822 1042 2827 .
1071 2795 1114 2828 τὰ
1139 2797 1178 2829 δε
1204 2796 1294 2829 κατὰ
1317 2795 1457 2841 χοόνον.
