2056 3234
114 820 151 839 10

112 1097 146 1129 15

172 181 260 209 CAP·
283 181 334 209 VI·
481 185 540 216 DE
568 185 689 216 EN'I'E
718 185 1140 217 I'REDICAMENTALI.

170 292 339 327 latitudo
373 300 409 327 ct
450 291 698 338 profunditas
743 300 833 327 sunt
876 291 1133 340 quantitatffi,
1180 302 1217 329 et
1262 307 1341 330 non
1387 297 1477 332 sub-

170 349 338 388 stancie;
385 348 588 396 quantitas
622 348 726 384 enim
760 362 839 385 non
873 359 929 386 est
962 349 1203 393 substancia,
1251 353 1318 387 sed
1364 352 1475 395 illud,

170 407 281 443 cuius
314 416 404 443 sunt
437 407 551 442 ista.''
588 405 720 442 Primo
754 408 873 443 modo
898 417 954 443 est
977 408 1220 453 substancia,
1255 421 1373 457 super
1397 424 1476 458 quo

170 467 492 501 Commentator:
531 464 794 511 „Longitudo,
839 465 1009 501 latitudo
1043 474 1079 501 et
1112 466 1371 512 profundum,
1408 481 1477 515 per

169 536 245 570 que
278 522 496 558 diffinimus
522 534 679 569 corpus,
713 522 897 558 videntur
922 535 1004 558 esse
1028 523 1267 569 substancie,
1304 526 1372 560 sed
1396 539 1476 561 non

168 589 271 625 sunt,
305 580 495 627 quoniam
529 587 709 627 quantum
755 593 834 616 non
881 589 936 616 est
970 581 1242 625 substancia'';
1288 583 1356 618 sed
1402 584 1476 619 hoc

168 637 262 673 dixit
294 639 343 673 ad
376 638 675 683 declarandum,
710 639 816 686 quod
861 637 1125 683 individuum,
1173 651 1262 674 cum
1308 653 1388 676 non
1427 640 1475 676 sit

167 695 394 731 substancia
427 707 497 742 per
529 703 607 731 tres
643 695 925 735 dimensiones,
972 704 1106 742 restat,
1141 698 1249 745 quod
1296 697 1345 733 sit
1384 699 1474 734 sub-

166 752 318 789 stancia
351 765 421 800 per
454 753 677 789 materiam.
731 756 811 789 Nec
859 761 1017 800 oportet
1065 755 1236 790 multum
1270 754 1474 791 sollicitari

166 812 215 846 ad
248 810 531 847 inveniendum
566 810 714 846 dictum
750 810 1096 858 philosophorum,
1143 811 1210 860 qui
1255 812 1474 849 sentencia-

166 868 256 904 liter
288 878 435 916 negant
467 868 731 917 quantitatem
758 881 840 905 esse
864 869 1115 905 subtanciam
1149 879 1313 917 propter
1336 883 1472 907 earum

167 926 337 973 copiam.

222 985 319 1020 Item
353 983 460 1020 iuxta
498 983 614 1020 istam
658 983 890 1031 opinionem
922 1012 1097 1021 ......
1131 997 1270 1021 omnes
1303 985 1473 1023 sciencie

165 1041 405 1078 doctrinales
438 1054 497 1088 eo,
522 1042 630 1090 quod
664 1054 802 1078 omnes
834 1041 899 1078 ille
932 1052 1239 1091 presupponunt
1271 1043 1473 1092 quantita-

164 1108 241 1135 tem
266 1112 339 1147 pro
368 1098 559 1145 subiecto,
594 1101 642 1135 de
665 1112 744 1148 quo
769 1100 1043 1146 considerant3
1078 1110 1115 1137 et
1138 1100 1263 1137 eciam
1287 1101 1473 1149 Augusti-

162 1170 236 1193 nus
280 1158 454 1193 secundo
503 1158 550 1193 de
599 1157 792 1194 Doctrina
840 1158 1067 1195 Christiana
1101 1188 1243 1195 .....
1279 1160 1470 1206 declarat,

163 1216 270 1263 quod
302 1224 392 1251 sunt
429 1215 664 1262 necessarie,
699 1217 868 1252 multum
908 1216 1157 1253 conferentes
1190 1218 1240 1253 ad
1278 1217 1469 1254 noticiam

161 1272 376 1320 scripture;
412 1282 448 1309 et
476 1272 707 1310 Aristoteles
740 1275 916 1310 secundo
940 1274 1189 1311 Phisicorum
1223 1275 1330 1321 dicit,
1364 1277 1472 1323 quod

162 1330 541 1367 mathematicorum
587 1332 908 1368 abstrahencium
962 1345 1042 1368 non
1095 1342 1153 1369 est
1201 1333 1469 1370 mendacium.

230 1443 257 1470 6.
287 1442 377 1470 Cod.:
404 1447 452 1469 sut
478 1451 530 1477 qm
558 1451 597 1469 no
624 1442 734 1469 addi'dz
758 1447 917 1482 quantum.
1040 1451 1080 1472 10.
1109 1445 1169 1479 qui]
1198 1446 1282 1472 cod:
1310 1454 1380 1480 q—
1349 1456 1380 1468 =
1401 1453 1469 1480 quc.

162 1476 198 1505 13.
219 1477 293 1504 Post
309 1477 488 1512 opinionem
510 1478 540 1504 in
560 1476 625 1504 cod.
646 1478 758 1504 lacuna
780 1477 800 1504 6
810 1478 888 1517 fere
908 1479 1091 1505 nam-,arum
1206 1480 1241 1507 15.
1263 1479 1369 1513 eciam]
1385 1480 1471 1507 cod..-

160 1520 229 1539 cum
251 1513 383 1539 correxi.
457 1512 497 1539 16
519 1511 592 1539 Post
610 1511 785 1539 Chiistiana
807 1521 837 1539 m
858 1513 924 1539 cod.
946 1514 1056 1540 lacuna
1075 1514 1184 1549 §fere
1202 1515 1388 1542 limtterarum

158 1582 277 1628 βάθος
301 1581 500 1624 ποσότητές
524 1593 628 1623 τινες,
655 1581 725 1615 ἀλλ’
742 1582 807 1616 οὐκ
833 1583 963 1616 θυσίαι.
990 1603 1033 1608 ——
1061 1586 1171 1627 Super
1189 1596 1260 1627 quo
1281 1586 1468 1618 Commen-

158 1637 259 1663 tator.
300 1632 354 1674 Cf.
381 1631 522 1661 Aristot.
549 1640 654 1672 opera
681 1640 760 1662 cum
786 1632 948 1662 Averrois
975 1642 1102 1663 comm.
1129 1632 1183 1664 ed.
1210 1632 1338 1665 Veneta
1370 1633 1469 1673 VIII,

148 1679 220 1720 fol.
247 1678 314 1708 75:
349 1676 492 1708 Deinde
523 1676 608 1708 dicit
646 1681 679 1708 et
711 1677 817 1708 etiam
851 1678 1035 1719 longitudo
1070 1683 1103 1710 et
1136 1679 1290 1711 latitudo
1324 1683 1356 1711 et
1382 1690 1470 1721 pro-

149 1723 307 1766 fundum
335 1726 399 1754 etc.
428 1723 464 1754 id
490 1728 540 1755 est
567 1727 600 1755 et
627 1723 735 1754 etiam
757 1724 942 1766 longitudo
962 1729 995 1756 et
1013 1724 1168 1757 latitudo
1188 1729 1221 1757 et
1233 1725 1469 1767 profundum,

159 1779 248 1813 quae
266 1769 475 1801 existimant
494 1778 567 1801 esse
585 1769 802 1802 substantiae
821 1771 993 1812 corporis,
1012 1771 1177 1802 videntur
1193 1781 1267 1803 esse
1285 1776 1467 1813 quantum,

158 1820 192 1849 et
230 1826 296 1847 non
330 1816 540 1854 substantia,
578 1816 743 1857 quoniam
777 1820 946 1858 quantum
981 1827 1048 1849 non
1087 1822 1139 1849 est
1175 1818 1384 1849 substantia.
1423 1819 1470 1849 Et

157 1862 360 1895 intendebat
388 1862 492 1904 quod,
517 1871 594 1893 cum
623 1864 895 1894 concesserimus
913 1872 1067 1905 corpora
1085 1873 1158 1896 esse
1183 1864 1409 1901 substantias,
1435 1869 1469 1897 et

158 1909 250 1951 quod
282 1908 466 1950 longitudo
499 1913 532 1940 et
563 1908 716 1940 latitudo
749 1913 783 1941 et
811 1909 1044 1951 profundum,
1076 1919 1145 1952 per
1171 1920 1260 1951 quae
1285 1910 1468 1952 definimus

157 1964 296 1996 corpus,
327 1955 371 1986 sit
397 1959 566 1997 quantum
594 1959 627 1986 et
652 1964 719 1986 non
747 1956 956 1995 substantia,
990 1966 1058 1988 non
1092 1957 1290 1988 remanebit
1322 1957 1355 1988 in
1388 1967 1467 1989 cor-

152 2010 241 2043 pore
272 2000 382 2039 aliud,
415 2000 507 2043 quod
537 2000 680 2032 dicatur
711 2001 923 2042 substantia,
956 2002 1022 2034 nisi
1047 2003 1212 2034 materia.
1336 2001 1385 2034 16.
1415 2003 1467 2045 Cf.

156 2048 302 2088 August.
334 2047 386 2078 De
411 2047 576 2078 Doctrina
603 2046 797 2079 Christiana
822 2048 849 2078 Π
873 2048 922 2088 16,
951 2049 990 2080 25
1025 2047 1166 2091 (Migne
1191 2048 1357 2081 XXXIV
1377 2050 1468 2089 48).-

160 2093 401 2125 Nurnerorum
428 2094 537 2126 etiam
563 2094 739 2135 imperitia
766 2094 877 2126 multa
894 2096 993 2137 facit
1018 2105 1085 2127 non
1113 2095 1263 2137 intelligi
1289 2096 1467 2128 translate

157 2144 190 2172 et
211 2140 363 2182 mystice
375 2140 498 2181 posita
517 2140 550 2171 in
571 2140 767 2181 scripturis.
795 2140 981 2183 Ingenium
1003 2143 1141 2183 quippe,
1169 2147 1207 2173 ut
1224 2142 1274 2173 ita
1294 2142 1465 2182 dixerim,

156 2187 344 2228 ingenuum
372 2197 441 2219 non
462 2190 581 2228 potest
600 2196 668 2217 non
689 2187 832 2225 moveri,
852 2188 935 2228 quid
953 2188 1017 2220 sibi
1033 2189 1125 2227 velit,
1151 2188 1244 2228 quod
1266 2193 1301 2220 et
1318 2188 1466 2231 Moyses

157 2236 190 2264 et
217 2233 317 2264 Elias
343 2236 377 2265 et
403 2233 474 2275 ipse
502 2233 675 2264 Dominus
702 2233 947 2275 quadraginta
974 2234 1095 2267 diebus
1122 2234 1417 2269 ieiunaverunt..
1458 2264 1465 2271 .

159 2277 217 2310 Ita
246 2279 365 2311 multis
390 2279 472 2312 aliis
498 2283 604 2319 atque
630 2279 713 2310 aliis
740 2281 1122 2322 numerorumformis
1148 2281 1324 2322 quaedam
1344 2282 1465 2315 simili-

157 2325 319 2356 tudinum
348 2326 381 2357 in
409 2325 540 2357 sanctis
566 2325 662 2356 libris
691 2331 826 2358 secreta
848 2331 1044 2368 ponuntur,
1070 2332 1324 2368 quaepropter
1347 2339 1465 2360 nume-

158 2380 278 2402 rorum
306 2371 524 2418 imperitiam
552 2372 747 2413 legentibus
773 2373 898 2404 clausa
923 2378 1016 2405 sunt.
1117 2384 1166 2409 10-
1196 2374 1250 2415 Cf.
1269 2375 1371 2406 Arist.
1391 2376 1465 2407 Nat.

156 2416 249 2448 ausc.
283 2417 308 2448 H
344 2427 411 2456 2,1
450 2418 532 2458 (Ed.
563 2417 648 2448 Par.
678 2417 722 2448 II
751 2419 834 2458 20¹2,
870 2420 919 2450 28
944 2420 1024 2459 ss.:)
1065 2412 1165 2450 Ἐπὲὶ
1201 2417 1240 2450 δὲ
1278 2419 1467 2462 διώρισται

156 2464 324 2513 ποσαχῶς
348 2460 369 2505 ἡ
397 2462 505 2516 φύσις
529 2461 677 2504 λέγεται,
708 2474 750 2505 με
736 2462 796 2495 τὰ
829 2467 936 2496 τοῦτο
969 2464 1181 2507 θεωρητέον
1205 2464 1275 2497 τίνι
1292 2465 1467 2520 διαφέρει

156 2505 174 2539 6
192 2506 446 2550 μαθηματικὸς
462 2512 526 2540 τοῦ
546 2512 718 2563 φυσικοῦ·
744 2521 804 2541 και
828 2509 893 2553 γὰρ
919 2507 1072 2543 ἐπίπεδα
1098 2522 1158 2542 και
1183 2510 1308 2553 στερεὰ
1334 2510 1404 2555 ἔχει
1421 2524 1465 2544 τα

156 2553 291 2595 φυσικὰ
317 2564 479 2597 σωματα,
504 2553 564 2587 καὶ
588 2553 682 2597 μήκη
709 2554 768 2587 καὶ
793 2555 941 2598 στιγμάς
965 2567 1047 2599 περι
1074 2553 1125 2588 ὧν
1150 2559 1276 2589 σκοπεῖ
1299 2555 1317 2589 6
1344 2559 1464 2601 μαθη-

154 2598 317 2651 ματικός
392 2626 399 2632 .
419 2626 425 2632 .
452 2611 534 2643 περι
557 2600 698 2632 τούτων
725 2600 789 2643 μὲν
813 2605 878 2634 οῦν
903 2602 1190 2645 πραγματεύεται
1214 2602 1274 2635 καὶ
1300 2602 1318 2635 6
1344 2605 1464 2647 μαθη-

154 2642 314 2688 ματικός,
348 2645 419 2679 ἀλλ’
445 2645 509 2690 οὐχ
537 2642 561 2691 ᾖ
589 2650 743 2688 φυσικοῦ
776 2647 943 2690 σώματος
974 2648 1087 2691 πέρας
1112 2647 1277 2681 ἕκαστον·
1311 2648 1396 2682 οὐδὲ
1421 2650 1464 2682 τὰ

155 2690 403 2735 συμβεβηκότα
420 2694 558 2736 θεωρεῖ
572 2689 595 2735 ἦ
612 2692 791 2732 τοιούτοις
808 2697 889 2727 οὐσι
907 2693 1121 2738 συμβέβηκε·
1149 2692 1205 2727 διὸ
1231 2694 1291 2727 καὶ
1307 2695 1462 2738 χωρίζει·

153 2748 309 2780 χωριστα
340 2737 406 2781 γὰρ
431 2741 474 2782 τῇ
500 2739 621 2781 νοήσει
651 2739 826 2781 κινήσεώς
856 2737 947 2772 ἐστι·
981 2752 1040 2773 και
1077 2740 1210 2774 οὐδὲν
1241 2741 1463 2786 διαφέρει,

154 2782 259 2816 ουδι·
289 2796 457 2826 γινεται
487 2786 657 2827 ψεῦδος
685 2785 978 2828 χωριζόντων

1717 180 1762 216 53
