2056 3234
226 550 277 577 An
298 549 392 585 entity
411 556 481 584 may

228 585 264 612 be
283 584 426 619 assigned
449 588 480 610 to

217 628 233 647 a
251 627 347 654 genus
363 619 393 646 in
409 619 492 645 three

217 663 320 690 ways;
343 655 383 690 by
401 653 486 681 itself

219 690 257 726 by
273 689 413 728 accident
432 675 491 715 and

221 725 259 760 by
280 723 440 751 reduction
462 727 492 750 to

270 760 309 787 its
330 758 440 794 origin.

952 202 1176 235 JOHANNIS
1202 202 1371 235 WICLIF
1688 199 1777 227 CAP.
1797 200 1820 227 Ι.

506 309 659 360 phisice
707 309 885 358 capitulo
930 310 1108 346 secundo
1157 317 1194 345 et
1241 313 1285 356 70
1327 308 1591 357 metaphisice
1644 308 1820 356 capitulo

506 369 651 417 primo.
685 370 816 405 Causa
839 376 973 404 autem
998 367 1126 403 finalis
1150 366 1402 415 simpliciter,
1427 375 1469 403 ut
1493 368 1611 413 Deus,
1635 366 1821 403 vendicat

507 426 581 463 sibi
614 426 654 462 in
686 425 796 463 omni
819 437 963 474 genere
996 424 1108 471 illud,
1143 426 1250 472 quod
1285 433 1342 461 est
1370 424 1633 473 perfeccionis
1667 424 1821 473 simpli-

507 485 618 531 citer,
652 484 873 521 secundum
907 484 1014 532 quod
1048 482 1267 531 principiat
1299 483 1397 519 illud
1430 495 1565 531 genus.

565 542 708 579 Tercio
733 541 956 590 supposito,
978 542 1100 589 quod,
1126 540 1227 577 sicut
1251 540 1449 589 accipitur
1472 540 1820 589 predicamentum
1839 544 1855 577 5

507 613 580 649 pro
614 600 754 637 ordine
786 612 857 648 per
891 612 931 635 se
964 598 1272 647 predicabilium
1306 612 1328 636 a
1350 611 1494 647 genere
1516 598 1818 647 generalissimo

507 670 632 707 usque
671 660 721 695 ad
761 657 935 706 speciem
974 656 1321 705 specialissimam,
1356 657 1437 693 sive
1469 670 1542 705 pro
1579 656 1646 693 illo
1679 668 1823 704 genere

507 728 712 765 supremo,
766 715 980 764 tripliciter
1026 714 1173 751 dicitur
1226 714 1379 763 aliquid
1434 727 1517 751 esse
1570 714 1610 751 in
1662 727 1820 763 genere,

508 774 661 811 scilicet
695 786 765 822 per
798 786 851 820 58,
885 785 955 822 per
989 772 1189 819 accidens,
1225 782 1261 809 et
1294 785 1365 821 per
1398 772 1695 809 reduccionem.
1749 774 1823 809 Per

510 845 563 879 se,
612 832 763 868 scilicet
796 832 958 880 quando
991 830 1123 879 ipsum
1164 843 1234 879 per
1272 843 1312 867 se
1353 839 1410 867 est
1448 830 1547 867 illud
1589 843 1726 879 genus,
1779 839 1823 866 ut
1843 844 1881 865 10

506 903 577 939 per
630 903 670 927 se
723 891 845 926 homo
892 897 948 925 est
993 889 1236 935 substancia,
1286 898 1322 925 et
1367 901 1437 937 per
1489 901 1529 925 se
1575 889 1718 925 albedo
1766 897 1824 924 est

507 948 700 997 qualitas;
752 961 823 996 per
863 947 1062 994 accidens,
1109 948 1271 996 quando
1312 960 1437 983 unum
1477 955 1737 995 aggregatum
1778 959 1822 983 ex

507 1008 623 1043 rebus
643 1006 895 1042 diuersorum
912 1017 1102 1053 generum
1138 1034 1445 1044 ........
1452 1035 1460 1051 ,
1485 1014 1527 1042 ut
1552 1006 1674 1042 homo
1695 1005 1821 1051 albus,

506 1063 738 1113 superficies
785 1064 955 1112 figurata
1001 1072 1075 1100 etc.
1121 1065 1169 1099 Et
1214 1076 1284 1111 per
1316 1063 1614 1110 reduccionem,
1660 1064 1822 1111 quando

506 1122 639 1171 ipsum
672 1135 754 1159 non
788 1130 845 1158 est
877 1122 975 1157 illud
1014 1134 1137 1169 genus
1175 1121 1399 1158 formaliter
1437 1122 1497 1158 vel
1537 1121 1879 1168 essencialiter,15

506 1182 575 1217 sed
627 1180 709 1216 eius
761 1178 1006 1228 principium
1044 1179 1104 1216 vel
1150 1179 1326 1216 effectus.
1382 1179 1516 1216 Prima
1561 1178 1821 1216 inexistencia

507 1238 670 1287 respicit
703 1237 1029 1286 predicacionem
1063 1238 1289 1284 formalem,
1329 1239 1506 1274 secunda
1545 1236 1820 1284 essencialem,

508 1306 545 1334 et
578 1296 702 1333 tercia
736 1297 950 1333 causalem.

566 1357 620 1391 Ex
658 1354 734 1391 ista
772 1353 1058 1403 supposicione
1091 1362 1213 1402 patet,
1268 1355 1377 1402 quod
1416 1353 1547 1390 omnis
1586 1352 1820 1390 substancia

509 1425 598 1449 cum
649 1412 827 1461 quolibet
882 1412 966 1449 eius
1010 1412 1211 1460 principio
1261 1421 1317 1448 est
1362 1412 1402 1447 in
1450 1412 1631 1460 quolibet
1674 1424 1818 1448 novem
1838 1424 1880 1446 20

508 1483 697 1519 generum
733 1470 966 1517 accidentis,
1001 1479 1037 1507 et
1060 1483 1130 1518 per
1154 1482 1402 1519 consequens
1426 1479 1484 1506 est
1507 1469 1547 1506 in
1569 1470 1637 1507 illo
1660 1482 1818 1518 genere,

507 1538 549 1565 ut
583 1541 703 1565 causa
735 1529 775 1565 in
798 1542 869 1565 suo
904 1538 1081 1565 causato.
1118 1528 1306 1576 Sequitur
1334 1528 1466 1564 r‘eciam
1497 1537 1675 1574 econtra,
1711 1529 1821 1577 quod

508 1586 708 1635 singulum
763 1600 905 1623 novem
951 1599 1140 1634 generum
1188 1586 1406 1623 accidentis
1452 1595 1508 1623 est
1559 1586 1598 1622 in
1643 1586 1822 1636 qualibet

507 1645 737 1682 substancia
769 1658 839 1693 per
872 1645 1155 1681 reduccionem
1191 1657 1250 1691 eo,
1285 1646 1392 1693 quod
1417 1644 1626 1692 quodlibet
1658 1644 1819 1681 illorum

507 1715 698 1751 generum
733 1712 789 1740 est
822 1703 985 1739 effectus
1019 1702 1308 1751 cuiuscumque
1346 1702 1587 1749 substancie,
1635 1712 1692 1739 est
1726 1715 1820 1751 ergo
1839 1705 1878 1738 25

508 1761 548 1798 in
580 1761 663 1808 illo,
708 1770 751 1797 ut
791 1762 921 1798 forma
960 1761 1000 1797 in
1042 1774 1113 1798 suo
1152 1761 1332 1797 subiecto
1374 1770 1411 1797 et
1449 1774 1510 1797 res
1545 1761 1584 1796 in
1623 1774 1695 1798 suo
1728 1761 1819 1807 fine,

508 1832 589 1856 non
640 1828 683 1855 ut
735 1819 825 1867 puri
871 1821 1015 1856 debent
1060 1819 1220 1855 termini
1266 1832 1349 1856 esse
1400 1819 1439 1855 in
1483 1818 1673 1866 termino,
1727 1818 1821 1868 quia

510 1886 662 1914 certum
718 1886 788 1923 est,
842 1878 949 1925 quod
995 1878 1105 1914 nullo
1160 1878 1281 1914 modo
1326 1876 1576 1924 inexistendi,
1641 1878 1688 1914 de
1741 1890 1820 1926 quo

509 1936 776 1983 Philosophus
809 1935 989 1984 loquitur
1021 1939 1068 1981 40
1104 1935 1355 1972 Phisicorum
1382 1935 1560 1983 capitulo
1594 1935 1739 1986 primo,
1764 1943 1822 1971 est

509 1993 582 2030 iste
627 1993 820 2030 terminus
866 1994 987 2030 homo
1032 1993 1072 2029 in
1116 1993 1192 2030 isto
1237 1993 1410 2030 termino
1455 1993 1698 2040 substancia,
1752 1994 1820 2030 sed
1838 1997 1880 2030 30

510 2051 641 2100 primo
676 2051 877 2100 signatum
911 2051 995 2088 eius
1028 2052 1067 2087 in
1094 2051 1226 2099 primo
1260 2051 1501 2100 significatO,
1535 2052 1637 2088 sicut
1670 2051 1820 2100 species

510 2109 550 2146 in
583 2122 655 2146 suo
688 2122 845 2158 genere,
879 2110 940 2146 vel
963 2122 1055 2158 pars
1079 2109 1299 2146 subiectiva
1322 2109 1361 2145 in
1384 2122 1455 2146 suo
1480 2118 1564 2146 toto
1588 2109 1817 2155 universali,

511 2176 548 2204 et
581 2180 700 2204 omne
733 2169 811 2204 tale
843 2177 1009 2204 vocatur
1048 2180 1109 2204 res
1149 2168 1253 2204 illius
1285 2167 1454 2216 generis,
1490 2181 1579 2204 cum
1613 2181 1737 2216 genus
1771 2167 1821 2204 sit

510 2225 734 2262 formaliter
767 2226 878 2264 illud.
930 2228 979 2263 Et
1018 2234 1140 2274 patet,
1187 2228 1293 2274 quod
1332 2239 1413 2262 non
1446 2227 1558 2262 obest
1600 2227 1650 2263 ad
1683 2238 1821 2262 sensus

511 2283 726 2332 equivocos
771 2283 877 2320 idem
918 2296 1002 2321 esse
1042 2284 1082 2320 in
1122 2284 1286 2320 diversis
1324 2283 1549 2332 generibus,
1596 2297 1687 2321 cum
1720 2284 1822 2320 forte
1839 2285 1878 2320 35

511 2341 707 2390 quidlibet
740 2341 790 2378 sit
823 2341 863 2377 in
898 2342 1076 2391 quolibet
1109 2354 1253 2390 genere
1287 2354 1346 2388 eo,
1394 2344 1503 2390 quod
1535 2351 1680 2379 natura
1713 2350 1823 2378 amat

510 2399 927 2436 communicacionem
963 2409 999 2436 et
1032 2400 1117 2436 odit
1150 2399 1470 2447 impertinencia‚
1506 2413 1595 2436 cum
1627 2399 1823 2449 quidlibet

510 2457 560 2493 sit
593 2457 755 2494 cuilibet
789 2459 959 2494 cathena
992 2470 1113 2494 aurea
1147 2458 1394 2506 colligatum.

579 2580 606 2608 6,
632 2580 704 2608 Cod.
718 2589 727 2606 .·
748 2581 869 2616 gniam0f
886 2589 972 2616 usqz.
1046 2580 1073 2608 8.
1095 2580 1220 2616 aliquid]
1243 2581 1308 2609 cod.
1320 2590 1329 2607 :
1357 2581 1405 2608 ad.
1480 2579 1516 2608 13.
1534 2583 1608 2616 post
1624 2588 1771 2616 generum
1792 2580 1822 2607 in

511 2615 617 2643 codice
637 2616 750 2643 lacuna
769 2622 882 2650 12-14
901 2617 1086 2643 litterarum.

581 2686 633 2719 28.
667 2687 721 2720 De
754 2688 884 2727 „modo
918 2687 1146 2719 inexistendi'’
1179 2692 1285 2730 atque
1312 2688 1489 2727 „terminis
1514 2688 1549 2719 in
1574 2687 1746 2719 termino”
1772 2688 1822 2719 lo-

511 2737 609 2765 cutus
637 2734 933 2776 lVicliffortasse
960 2734 1118 2767 meminit
1144 2735 1363 2766 Aristotelici
1388 2735 1462 2766 Nat.
1481 2734 1587 2766 Ausc.
1606 2734 1651 2765 IV
1674 2744 1684 2765 1
1709 2733 1770 2775 (3),
1789 2732 1821 2766 8.

513 2779 594 2816 (Ed.
624 2780 738 2812 Paris.
766 2780 806 2812 II
830 2781 916 2819 285,
944 2782 989 2812 50
1009 2781 1051 2817 s.)
1080 2778 1268 2811 Ἀδύνατον
1294 2778 1332 2811 δὲ
1359 2783 1462 2822 σῶμα
1489 2774 1581 2812 εἶναι
1605 2777 1669 2812 τὸν
1694 2777 1820 2812 τόπον·

510 2821 549 2857 ἓν
575 2823 693 2870 ταύτῷ
722 2836 788 2868 γαρ
815 2823 860 2858 ἂν
886 2824 940 2868 εἴη
966 2825 1032 2858 (ἳύο
1060 2825 1220 2868 σώματα.
