2056 3234
190 183 317 217 Quaest.
339 183 359 209 I·
467 184 697 223 Quaestiones
724 183 859 224 logicae
886 189 918 214 et
943 181 1216 224 philosophicae.
1686 177 1775 220 '227

245 292 489 327 CONCLUSIO
512 295 722 324 SECUNDA:
747 291 851 324 Deus
874 287 1021 324 creavit
1043 287 1163 323 istum
1188 288 1381 323 mundum
1406 299 1491 323 sen-
1511 303 1536 321 2.
1559 293 1627 321 God
1648 294 1766 332 created

39 356 76 387 F.
98 354 171 397 178¹
187 347 340 384 sibilem
364 348 404 383 in
426 347 560 395 aliqua
584 346 799 383 duracione
823 345 952 382 subita
977 341 980 398 Ι
1006 345 1236 381 indivisibili
1271 345 1490 381 secundum
1512 328 1772 397 ὃξὶζῗθᾚᾞξῃζηῃ,

188 405 499 442 successionem:
533 413 654 452 patet,
689 404 782 452 quia
805 403 952 439 creavit
976 416 1064 439 cum
1096 402 1304 439 creacione
1336 402 1492 450 passiva
1530 397 1757 459 issfflffiffbflengq

189 476 231 500 ex
263 463 412 499 nichilo
445 471 534 510 post
567 462 832 507 eternitatem,
866 470 907 496 ut
940 460 1035 497 dicit
1068 459 1269 496 conclusio
1302 459 1433 507 prima
1456 468 1492 495 et
1524 471 1554 493 to
1576 452 1762 493 successimi.

155 520 452 561 §corsolarium
485 521 725 565 secundum3
760 528 796 555 et
829 518 922 567 quia
943 531 1023 554 non
1050 519 1167 554 datur
1189 518 1305 554 realis
1330 517 1493 553 duracio

189 587 276 627 post
309 578 574 623 eternitatem,
607 577 681 613 nisi
714 585 782 613 aut
814 576 958 622 subita,
991 575 1243 611 indivisibilis
1275 576 1494 611 secundum

187 636 493 682 successionem,
525 644 593 672 aut
624 635 846 672 successiva
878 642 916 669 et
946 633 1180 681 temporalis
1212 642 1280 669 aut
1306 645 1386 669 ewa
1409 645 1496 680 per-

189 707 352 731 manens
391 693 475 729 sine
515 693 612 739 fine3
657 701 694 728 et
733 692 826 740 quia
865 691 932 727 illa
970 690 1125 727 creacio
1163 690 1319 738 passiva
1357 690 1495 726 mundi

188 751 382 788 sensibilis
415 764 497 787 non
519 751 592 787 fuit
614 751 834 787 successiva
858 758 895 785 et
916 748 1162 797 temporalis,
1196 761 1268 784 nec
1298 760 1378 784 ewa
1408 760 1496 796 per-

136 822 354 847 romanens
387 809 472 845 sine
505 808 600 845 fine:
634 808 754 856 igitur
787 807 1026 855 relinquitur
1058 806 1249 855 primum,
1284 807 1390 854 quod
1423 806 1495 842 fuit

188 867 332 913 subita,
349 866 598 903 indivisibilis
620 867 838 902 secundum
862 864 1169 901 successionem.
1195 862 1496 912 Consequencia

189 934 247 961 est
277 934 386 970 nota,
421 933 457 960 et
490 925 728 960 antecedens
760 924 953 971 probatur
986 935 1058 970 pro
1091 921 1220 970 prima
1251 930 1375 969 parte,
1403 921 1497 969 quia

188 995 261 1019 nec
293 983 366 1018 fuit
399 982 562 1029 horalis,
595 994 667 1018 nec
700 980 965 1026 semihoralis,
998 981 1059 1017 vel
1087 981 1256 1016 duarum
1290 981 1495 1025 horarum,

190 1049 226 1077 et
249 1041 304 1077 sic
327 1042 374 1076 de
398 1039 550 1076 ceteris.
586 1039 702 1086 Quia,
733 1039 763 1075 si
793 1038 941 1075 horalis
963 1039 1025 1075 vel
1046 1038 1086 1073 in
1115 1037 1246 1085 prima
1268 1037 1494 1081 medietate,

136 1103 172 1135 15
190 1098 264 1134 fuit
287 1098 438 1146 aliquid
461 1097 688 1134 substancie
718 1096 834 1133 huius
865 1096 1002 1132 mundi
1032 1095 1228 1132 sensibilis
1256 1095 1318 1131 vel
1331 1095 1495 1142 *penitus

188 1156 323 1192 nichil.
358 1156 397 1192 Si
431 1155 621 1203 primum,
654 1164 748 1191 tunc
771 1154 811 1190 in
835 1155 1009 1190 secunda
1037 1153 1251 1189 medietate
1273 1152 1377 1188 illius
1401 1153 1496 1188 hore

188 1226 269 1250 non
292 1213 363 1249 fuit
380 1213 534 1250 creacio
557 1212 724 1249 alicuius
747 1212 973 1248 substancie
995 1211 1101 1247 illius
1125 1210 1264 1247 mundi
1286 1210 1496 1256 sensibilis,

190 1271 284 1320 quia
316 1271 471 1308 creacio
505 1280 561 1307 est
600 1270 819 1318 produccio
857 1269 1024 1306 alicuius
1063 1269 1220 1317 penitus
1259 1280 1302 1304 ex
1334 1268 1496 1304 nichilo.

191 1330 308 1374 Quod
340 1342 421 1364 non
453 1328 565 1364 fieret
597 1329 644 1364 de
667 1328 734 1364 illa
756 1327 984 1364 substancia
1007 1328 1067 1364 vel
1090 1328 1137 1363 de
1160 1327 1238 1362 illis
1261 1325 1497 1362 substanciis

134 1401 175 1422 20
192 1386 396 1435 productis
429 1386 469 1422 in
502 1387 676 1422 secunda
710 1394 822 1434 parte
855 1387 963 1421 hore.
998 1384 1039 1421 Si
1061 1386 1294 1429 secundum,
1329 1385 1436 1432 quod
1459 1383 1499 1419 in

190 1444 320 1492 prima
343 1445 556 1480 medietate
580 1444 676 1480 hore
698 1443 821 1479 nichil
843 1443 916 1479 fuit
936 1443 1094 1491 penitus
1114 1441 1341 1478 substancie
1362 1441 1498 1477 mundi

190 1502 399 1548 sensibilis,
433 1503 502 1538 sed
524 1511 683 1549 postea3
718 1501 836 1548 igitur
858 1501 926 1537 illa
948 1500 1104 1537 creacio
1132 1513 1214 1536 non
1236 1500 1309 1535 fuit
1332 1499 1497 1535 horalis:

193 1569 229 1596 et
261 1559 317 1596 sic
351 1568 641 1607 consequenter
674 1559 867 1606 arguitur,
907 1560 1015 1606 quod
1046 1570 1128 1594 non
1161 1557 1234 1593 fuit
1265 1556 1499 1605 temporalis

191 1619 412 1654 secundum
451 1618 627 1665 aliquam
667 1629 896 1653 mensuram
935 1615 1141 1664 temporis,
1187 1615 1282 1663 quia
1326 1615 1365 1651 in
1404 1627 1500 1662 qua-

135 1678 174 1711 25
192 1688 363 1724 cumque
408 1684 519 1724 parte
561 1674 757 1723 temporis
803 1687 886 1710 esse
931 1674 972 1709 in
1011 1673 1224 1722 posteriori
1261 1685 1341 1709 non
1378 1672 1498 1719 foret3

191 1733 342 1781 igitur.
369 1762 376 1769 .
402 1762 409 1768 .
434 1735 483 1769 Et
522 1745 544 1769 a,
576 1732 738 1769 forciori
775 1745 855 1769 non
894 1732 996 1768 foret
1027 1744 1108 1768 ewa
1140 1743 1378 1779 permanens
1417 1730 1499 1766 sine

192 1791 283 1837 fine,
317 1791 411 1839 quia
434 1790 489 1827 sic
514 1791 631 1827 hodie
655 1799 691 1827 et
714 1790 877 1826 cottidie
901 1798 1081 1826 maneret
1102 1789 1259 1837 passiva
1280 1787 1499 1837 produccio

192 1848 332 1884 mundi
365 1848 561 1885 sensibilis
601 1857 637 1885 et
674 1848 759 1884 eius
792 1846 1034 1894 substancie,
1075 1848 1183 1895 quod
1221 1847 1302 1883 iam
1336 1855 1392 1882 est
1423 1846 1499 1882 im-

191 1908 420 1955 probatum,
454 1906 548 1954 quia
580 1906 621 1942 in
653 1918 907 1954 quacumque
939 1914 1054 1953 parte
1086 1904 1281 1952 temporis
1314 1913 1426 1950 esset,
1459 1904 1499 1941 in

136 1968 177 2000 30
192 1964 405 2012 posteriori
423 1977 504 2000 non
519 1965 632 2009 foret,
649 1972 686 2000 et
702 1972 878 2000 econtra.
902 1963 1025 2011 Igitur
1044 1962 1295 2011 relinquitur,
1312 1963 1419 2010 quod
1433 1961 1501 1999 illa

192 2022 356 2058 duracio
386 2021 459 2058 fuit
481 2021 626 2067 subita,
660 2021 911 2058 indivisibilis
944 2022 1164 2057 secundum
1192 2019 1500 2066 successionem,

193 2089 230 2116 et
261 2092 332 2128 per
364 2092 611 2128 consequens
645 2079 849 2116 conclusio
881 2082 985 2115 vera.
1026 2080 1103 2115 Ista
1137 2077 1340 2114 conclusio
1373 2077 1500 2114 eciam

191 2146 301 2186 patet
332 2137 571 2174 auctoritate
603 2137 800 2185 scripture
828 2138 934 2173 Eccl.
970 2137 1058 2173 180:
1093 2136 1186 2181 cQui
1208 2135 1302 2172 vivit
1329 2136 1370 2172 in
1402 2144 1501 2172 eter—

192 2208 301 2241 num,
336 2195 484 2232 creavit
515 2195 652 2232 omnia
684 2195 816 2231 simul>
852 2203 889 2231 et
923 2207 992 2242 per
1018 2206 1266 2242 consequens
1288 2206 1368 2230 non
1391 2193 1500 2242 prius

136 2254 175 2289 35
192 2266 314 2290 unum
349 2266 470 2301 quam
503 2254 694 2299 alterum3
727 2252 849 2300 igitur
880 2252 1018 2288 omnia
1049 2252 1194 2288 subito.

196 2353 199 2357 ,
250 2312 554 2347 CORROLAR1UM
576 2317 747 2345 PRIMUM:
771 2312 876 2346 Deus
895 2310 1041 2346 creavit
1062 2311 1255 2345 mundum
1275 2309 1500 2345 sensibilem
1562 2325 1739 2361 Col-Onam:

192 2368 232 2404 in
264 2368 395 2416 primo
428 2368 594 2405 instanti
627 2367 831 2416 temporis.
874 2369 998 2413 Patet,
1033 2367 1127 2416 quia
1159 2367 1306 2404 creavit
1339 2379 1428 2403 eum
1461 2367 1502 2403 in
1524 2360 1781 2422 krghizssstffitssg}

193 2426 328 2474 aliqua
365 2426 580 2463 duracione
613 2426 744 2462 subita
776 2425 1006 2462 indivisibili
1039 2426 1259 2461 secundum
1286 2424 1502 2461 successio·
1610 2430 1693 2457 time.

193 2496 284 2520 nem
308 2496 352 2520 ex
374 2484 629 2521 conclusione
662 2484 913 2532 precedente,
947 2483 1067 2531 igitur
1098 2482 1139 2519 in
1171 2483 1306 2531 aliquo
1337 2482 1502 2519 instanti

134 2554 179 2586 40
193 2542 405 2589 temporis;
430 2541 724 2591 consequencia
746 2550 856 2590 patet
879 2553 923 2578 ex
940 2540 1234 2589 supposicione.
1259 2541 1300 2578 Si
1315 2540 1355 2577 in
1370 2540 1502 2589 primo

263 2664 290 2691 6,
323 2663 417 2691 Cod..·
453 2664 643 2691 eternitatem
674 2668 706 2690 ut
735 2663 809 2689 dicit
838 2662 996 2689 conclusio
1028 2662 1126 2699 prima
1156 2663 1215 2690 nisi
1245 2667 1296 2690 aut
1325 2663 1425 2691 subita
1453 2666 1505 2701 ‘gl-u}

195 2710 368 2736 successiva
389 2709 598 2736 indivisibilis.

266 2794 319 2826 33.
346 2792 582 2825 Ecclesiasticz'
607 2794 656 2831 18,
683 2795 708 2823 1.

1306 2848 1373 2882 15÷÷
