2056 3234
161 194 250 222 CAP.
270 193 308 222 v.
483 197 540 228 DE
568 196 690 227 ENTE
718 191 1137 226 PREDICAMENTALL
1706 186 1754 231 39

162 313 219 340 est
252 303 526 351 principaliter
559 303 754 339 intentum
789 315 810 338 a
843 310 998 337 natura.
1039 303 1087 337 Et
1121 301 1290 337 maxime
1324 300 1469 337 dicitur

161 373 240 408 quo
274 362 322 397 ad
355 360 491 396 onmia
523 360 597 396 ista
630 360 720 405 tria,
766 359 963 404 accidens,
1010 367 1121 394 actus
1165 359 1226 394 vel
1271 359 1468 405 potencia,

162 428 199 454 et
232 431 299 454 ens
332 430 401 466 per
433 430 472 454 se
505 419 764 465 completum.
800 417 913 453 Unde
937 425 975 452 et
1005 416 1174 452 maxime
1208 415 1354 452 dicitur
1387 429 1469 452 esse

162 476 201 512 in
246 475 396 512 noticia
444 475 668 521 hominum,
722 487 812 510 cum
858 486 976 509 nemo
1022 473 1226 520 cognoscit
1270 473 1469 520 accidens,

129 533 237 570 §nisi
282 534 635 581 precognoscendo
680 531 967 577 substanciam,
1022 530 1085 567 cui
1135 530 1281 567 accidit
1327 532 1469 567 modus

162 589 433 636 accidentalis,
467 603 540 626 nec
572 589 716 638 aliquis
749 588 954 637 cognoscit
983 588 1210 636 potenciam
1237 589 1297 624 vel
1320 597 1469 635 actum,

161 648 236 684 nisi
271 650 623 696 precognoscendo
646 660 717 695 per
739 659 779 683 se
802 646 985 692 existens,
1020 654 1058 682 et
1082 646 1467 682 transmutacionem

162 706 209 741 de
254 707 373 742 verbo
420 718 503 741 esse
548 705 588 741 in
633 705 754 750 aliud,
803 713 846 740 ut
894 704 1173 751 cognoscendo
1219 703 1469 740 creacionem

162 763 290 810 angeli
322 764 382 799 vel
415 763 499 799 eius
533 762 859 807 mutabilitatem,
906 773 1104 809 cognosco
1137 760 1177 796 in
1210 761 1297 808 ipso
1330 770 1469 809 poten-

109 835 146 856 10
163 820 264 856 ciam
299 830 336 856 et
369 829 526 865 actum3
572 830 609 856 et
647 820 703 856 ita
735 819 973 867 generaliter
1006 820 1053 855 de
1085 818 1195 854 omni
1228 818 1469 855 substancia.

219 881 273 913 Ex
305 878 388 914 istis
422 887 543 925 patet,
590 879 698 926 quod
731 879 912 913 substare
945 876 1234 923 accidentibus,
1279 876 1358 913 sive
1403 878 1471 912 ab-

162 934 301 971 solutis
334 935 416 972 sive
449 934 691 983 respectivis,
725 948 805 971 non
839 943 896 970 est
919 933 1028 970 racio
1053 933 1207 982 generis
1230 933 1469 979 substancie,

163 994 230 1029 sed
277 993 461 1041 aptitudo
505 995 555 1029 ad
599 1006 670 1041 per
714 1005 755 1029 se
800 993 1066 1028 substandum
1112 1000 1169 1027 est
1215 991 1297 1027 eius
1338 991 1471 1039 passio

162 1050 360 1098 posterior
392 1063 535 1098 genere
569 1050 810 1087 substancie.
856 1051 1146 1086 Verumtamen
1178 1062 1259 1085 non
1292 1058 1348 1085 est
1382 1062 1471 1096 pos-

110 1107 274 1145 15sibile
306 1108 577 1145 substanciam
613 1121 697 1145 esse
730 1108 814 1144 sine
859 1120 930 1143 suo
975 1107 1194 1153 accidente,
1241 1119 1329 1142 cum
1366 1109 1471 1143 Deus

162 1178 243 1202 non
276 1175 405 1213 potest
438 1178 594 1203 servare
627 1167 811 1214 angelum
852 1165 935 1202 sine
967 1164 1134 1201 infinitis
1167 1163 1471 1200 habitudinibus

162 1223 389 1271 respectivis
436 1223 517 1260 eius
551 1226 600 1260 ad
645 1223 735 1270 alia,
780 1236 853 1260 nec
893 1222 976 1259 sine
1009 1221 1202 1271 qualitate
1235 1221 1471 1258 accidentali

162 1282 317 1329 angelo,
352 1290 394 1317 ut
425 1281 592 1318 videtur.

221 1340 298 1374 Sed
338 1339 432 1387 quia
476 1348 712 1387 argumenta
755 1339 861 1375 facta
907 1346 1047 1374 contra
1089 1337 1260 1385 primam
1307 1350 1470 1385 respon-
1504 1341 1731 1381 *Selfexi-stenqe

106 1411 147 1432 20
162 1395 311 1432 sionem
347 1396 533 1433 videntur
565 1397 738 1433 militare
771 1405 909 1432 contra
941 1395 1058 1431 istam
1089 1394 1347 1440 sentenciam,
1381 1394 1470 1431 ideo
1502 1377 1738 1446 ¹{hff-{{r³ss{}s¹‚n

161 1455 397 1499 notandum,
431 1456 650 1490 secundum
685 1453 977 1490 Lincoliensem
1023 1453 1153 1501 primo
1198 1452 1469 1489 Posteriorum
1514 1445 1729 1508 ffffggggssgstsso

163 1510 338 1558 capitulo
371 1516 432 1558 40,
466 1511 675 1560 tripliciter
708 1511 854 1547 dicitur
886 1510 1037 1559 aliquid
1070 1523 1140 1558 per
1173 1523 1225 1546 se.

220 1569 354 1605 Primo
387 1571 507 1606 modo
540 1571 669 1605 solum
704 1569 886 1617 negative
919 1570 1053 1616 quoad
1087 1567 1170 1604 eius
1204 1581 1381 1613 causam,
1427 1577 1470 1604 ut
1511 1582 1533 1601 1.
1553 1573 1599 1601 Ne
1623 1573 1732 1611 atively

162 1628 268 1662 Deus
301 1640 371 1675 per
404 1640 444 1663 se
478 1636 547 1672 est,
582 1627 676 1676 quia
709 1636 778 1673 est,
814 1636 851 1663 et
883 1639 964 1662 non
996 1638 1067 1674 per
1100 1638 1261 1662 causam
1297 1625 1369 1661 sui.
1528 1609 1713 1676 u(ii{au}¹er<i{)³;

105 1689 144 1720 25
220 1686 404 1720 Secundo
454 1686 575 1721 modo
623 1684 769 1721 dicitur
816 1683 969 1732 aliquid
1021 1696 1091 1731 per
1142 1696 1181 1720 se
1230 1696 1311 1730 ens,
1361 1685 1757 1731 quonTothathnch

162 1741 372 1778 actualiter
416 1751 472 1779 est
516 1755 587 1790 per
631 1742 713 1779 eius
758 1751 891 1778 actum
936 1741 1146 1790 proprium
1194 1750 1231 1777 et
1263 1741 1467 1788 propriam
1514 1724 1762 1793 ¹}„ff’ssfflascstikl'ee'

162 1799 406 1846 potenciam,
452 1800 552 1836 sicut
586 1799 691 1836 enim
724 1799 822 1836 illud
855 1812 925 1847 per
957 1812 997 1835 se
1030 1808 1223 1844 movetur,
1270 1800 1377 1847 quod
1410 1811 1468 1834 se·
1490 1792 1750 1854 Οᾷᾖῑῑὲξίξξεῦξς

162 1858 336 1892 cundum
370 1867 503 1905 partes
536 1857 709 1894 diversas
744 1867 800 1894 est
833 1870 953 1893 causa
986 1856 1116 1893 activa
1149 1865 1185 1892 et
1218 1856 1375 1904 passiva
1408 1855 1467 1892 sui
1744 1848 1750 1860 '

162 1923 306 1960 motus,
355 1914 410 1951 sic
447 1915 545 1951 illud
577 1928 647 1963 per
679 1928 719 1951 se
753 1914 966 1952 causaliter
1000 1923 1068 1960 est,
1117 1915 1224 1962 quod
1258 1923 1316 1951 est
1348 1927 1469 1950 causa

104 1977 145 2009 30
161 1971 288 2008 activa
321 1981 358 2008 et
401 1972 559 2020 passiva
604 1986 673 2009 sue
720 1972 943 2009 existencie.
997 1975 1086 2008 Non
1119 1981 1254 2008 tamen
1289 1980 1345 2008 est
1377 1984 1468 2019 pos-

160 2028 284 2075 sibile,
319 2032 427 2078 quod
460 2030 612 2078 aliquid
646 2039 781 2067 causet
813 2043 853 2067 se
885 2030 1018 2078 primo
1051 2038 1088 2066 et
1120 2029 1366 2066 immediate.
1420 2031 1469 2065 Et

24 2091 61 2121 F.
84 2090 144 2133 198
161 2099 204 2122 ex
236 2087 311 2123 isto
339 2084 344 2139 Ι
373 2089 499 2135 gradu
533 2088 723 2124 existendi
756 2101 827 2136 per
858 2101 898 2125 se
931 2096 1023 2124 sunt
1055 2086 1170 2123 multi
1203 2086 1269 2123 alii
1307 2088 1467 2135 gradus,

160 2153 203 2180 ut
235 2145 349 2181 aliter
382 2154 439 2181 est
471 2145 629 2182 malicia
662 2159 732 2194 per
763 2159 817 2193 se,
850 2145 965 2183 aliter
998 2146 1140 2191 celum,
1188 2144 1301 2181 aliter
1334 2146 1469 2190 homo,

161 2210 197 2238 et
230 2202 345 2239 aliter
378 2203 632 2240 elementum.

231 2379 259 2406 9.
284 2371 356 2399 Coa.
368 2381 378 2397 .·
400 2354 535 2399 m⁸ub11t5

235 2488 284 2519 14.
302 2479 355 2520 Cf.
372 2479 630 2510 Commentaria
648 2478 789 2509 Roberti
810 2478 1040 2509 Lincoliensis
1061 2478 1095 2508 in
1114 2477 1220 2508 libros
1235 2478 1473 2508 Posteriorum

161 2525 291 2556 Aristot
325 2534 348 2565 4
374 2524 456 2566 (Ed.
483 2524 562 2556 Ven.
580 2526 613 2567 f.
634 2525 691 2565 4).·
717 2525 795 2556 Hoc
821 2525 932 2566 ipsum
952 2534 1021 2566 per
1047 2534 1082 2556 se
1107 2534 1254 2555 causam
1281 2524 1474 2564 comparti-

160 2571 270 2612 cipem
299 2571 470 2603 excludit.
498 2570 641 2602 Dicitur
667 2575 785 2602 autem
808 2580 877 2612 per
902 2580 937 2602 se
963 2579 1048 2608 esse,
1074 2569 1166 2610 quod
1182 2579 1248 2611 per
1264 2570 1472 2612 efficientem

161 2626 305 2648 causam
341 2627 409 2648 non
443 2620 505 2655 est,
538 2621 571 2648 et
601 2617 652 2648 sic
686 2618 763 2648 sola
796 2626 904 2648 causa
925 2616 1050 2658 prima
1084 2620 1134 2648 est
1155 2626 1222 2658 per
1246 2625 1293 2648 se.
1331 2615 1475 2647 Dicitur·

162 2663 312 2694 secundo
340 2673 408 2703 per
440 2672 485 2701 se,
521 2663 613 2703 quod
642 2672 709 2702 per
739 2672 886 2694 causam
923 2661 1146 2694 materialem
1180 2671 1248 2693 non
1276 2666 1337 2699 est,
1369 2666 1402 2693 et
1427 2662 1476 2693 sic

162 2709 330 2740 dicuntur
360 2709 592 2750 intelligentie
618 2718 686 2750 per
718 2719 751 2740 se
784 2713 881 2740 entes
913 2709 966 2740 vel
986 2718 1056 2749 per
1081 2718 1115 2740 se
1147 2711 1292 2740 stantes.
1330 2707 1476 2740 Dicitur

162 2755 269 2786 etiam
296 2764 365 2796 per
390 2765 426 2786 se
451 2764 537 2793 esse,
570 2754 664 2796 quod
682 2764 752 2796 per
778 2755 969 2787 sublectum
1004 2764 1070 2786 non
1105 2758 1175 2793 est;
1211 2758 1244 2786 et
1270 2753 1318 2785 sic
1344 2753 1476 2785 dicitur

162 2801 274 2832 omnis
293 2800 491 2832 substantia
511 2804 544 2832 et
562 2801 635 2832 sola
652 2810 718 2842 per
732 2810 768 2832 se
782 2810 864 2833 esse.
887 2801 939 2843 Cf.
958 2809 1069 2841 supra
1084 2803 1214 2841 pag.9‚
1230 2804 1296 2831 not.
1308 2800 1356 2830 ad
1370 2800 1475 2832 liwif.
