2056 3234
250 906 405 940 Difficu-lty
426 906 457 931 ot

287 941 422 974 delining

287 975 425 1004 relation.

262 1310 439 1337 Aristotle‘s

233 1345 392 1372 definition
416 1349 467 1371 not

308 1380 397 1406 clear.

221 1947 305 1974 ‘Ens'
327 1948 385 1974 and
407 1947 486 1974 ‘Res'

265 1982 333 2009 The
355 1983 442 2009 latter

220 2018 398 2044 sometimes
420 2018 492 2044 used

226 2052 274 2078 sor
295 2052 344 2078 [lle
365 2052 491 2079 former.

226 2086 392 2120 Examples
414 2088 492 2114 vfrom

280 2126 440 2155 scmpture.

814 743 1067 796 CAPUT
1107 742 1507 796 OCTAVUM.

566 889 717 924 Contra
761 887 868 922 dicta
921 888 968 922 de
1015 885 1284 922 relacionibus
1335 885 1529 933 arguitur,
1580 887 1686 934 quod
1737 899 1819 921 non

507 944 773 992 disting'witur
812 957 834 981 a
875 943 1105 980 substancia
1146 953 1182 979 et
1223 957 1244 979 a
1284 943 1418 991 signo3
1459 943 1592 991 primo
1625 956 1695 991 per
1727 945 1817 990 hoc,

507 1004 615 1051 quod
641 1002 865 1050 descripcio
900 1001 1147 1037 relacionum
1174 1003 1268 1037 data
1301 1003 1350 1037 ab
1374 1001 1589 1037 Aristotele
1614 1014 1704 1037 cum
1729 1001 1818 1037 aliis

508 1060 823 1109 proprietatibus
863 1060 1019 1096 videtur
1058 1060 1188 1095 solum
1229 1059 1350 1107 signis
1384 1068 1627 1106 competere,
1667 1059 1851 1095 scilicet5

507 1119 585 1155 dici
618 1120 690 1155 sub
724 1117 959 1154 habitudine
993 1130 1120 1163 casus,
1161 1117 1238 1153 dici
1272 1118 1321 1152 ad
1356 1117 1693 1163 convertenciam7
1734 1129 1819 1154 esse

508 1177 725 1222 contraria,
766 1175 970 1224 suscipere
1010 1175 1136 1223 magis
1176 1184 1244 1211 aut
1285 1174 1435 1220 minim
1475 1174 1575 1211 nulli
1616 1175 1720 1211 enim
1762 1174 1819 1211 rei

509 1244 766 1283 preterquam
801 1233 1029 1270 substancie
1063 1242 1231 1281 possunt
1265 1232 1361 1269 talia
1395 1242 1637 1280 competere.

569 1295 660 1328 ldeo
693 1292 851 1328 videtur
884 1292 1016 1340 ipsum
1058 1292 1334 1339 exponendum
1372 1292 1419 1327 de
1451 1290 1585 1338 signis.
1632 1293 1708 1328 Pro
1742 1290 1818 1327 isto

508 1351 667 1396 dicitur,
701 1352 808 1398 quod
827 1349 1061 1385 Aristoteles
1096 1362 1206 1386 more
1230 1348 1567 1397 philosophorum
1601 1348 1817 1386 onerancia
1840 1362 1877 1382 10

508 1410 629 1445 verba
653 1421 723 1444 sua
757 1403 873 1444 sensu
909 1407 1121 1455 multiplici
1155 1407 1273 1443 simul
1297 1420 1386 1443 cum
1411 1408 1588 1454 quodam
1612 1406 1819 1443 involucro

509 1466 676 1503 tradidit
715 1465 831 1502 nobis
869 1465 1062 1501 noticiam
1104 1467 1151 1501 de
1191 1464 1326 1513 signis,
1366 1466 1434 1501 sed
1467 1464 1730 1513 principalius
1772 1466 1818 1500 de

509 1524 687 1572 signatis.
722 1526 803 1560 Nec
838 1523 999 1569 mirum,
1035 1523 1128 1571 quia
1162 1535 1301 1559 omnes
1324 1522 1475 1559 viantes
1508 1532 1675 1571 propter
1708 1523 1819 1559 invo—

511 1582 711 1618 lucionem
753 1581 792 1617 in
831 1581 1013 1617 sensibus
1053 1581 1173 1617 simul
1212 1580 1431 1628 inspiciunt
1471 1580 1626 1628 signum
1670 1590 1706 1617 et
1744 1580 1820 1628 sig-

511 1649 664 1685 natum,
705 1648 741 1675 et
783 1639 912 1676 maior
951 1652 1042 1687 pars
1076 1638 1287 1675 hominum
1327 1639 1456 1675 solum
1491 1638 1701 1686 signando,
1740 1640 1876 1674 nonm'

511 1698 719 1745 dirigendo
754 1697 898 1733 mentis
932 1697 1057 1733 aciem
1084 1696 1313 1745 specialiter
1345 1697 1395 1733 ad
1417 1697 1632 1744 signatum.
1667 1696 1822 1733 Dicitur

512 1768 619 1803 ergo,
654 1768 733 1803 quo
756 1755 1006 1801 Aristoteles⁷
1040 1755 1207 1803 loquens
1232 1755 1291 1791 vel
1323 1754 1363 1790 in
1393 1755 1507 1802 loyca
1539 1755 1599 1791 vel
1628 1754 1669 1790 in
1698 1763 1821 1790 meta-

511 1813 665 1861 phisica
700 1815 747 1849 de
781 1813 982 1849 relacione
1015 1814 1075 1849 vel
1109 1813 1187 1849 alio
1219 1826 1364 1860 genere
1396 1812 1609 1860 principali
1642 1812 1821 1860 loquitur

511 1871 789 1919 principaliter
823 1872 870 1907 de
903 1870 1068 1918 signatis
1104 1883 1147 1907 ex
1180 1880 1293 1918 parte
1327 1871 1396 1906 rei.

569 1930 686 1974 Quod
720 1938 762 1965 ut
802 1930 1038 1965 ostendatur
1072 1928 1394 1973 conveniencius,
1435 1940 1620 1976 suppono
1654 1937 1820 1975 propter
1838 1941 1879 1962 20

509 1988 688 2023 laborem
730 1987 769 2023 in
803 1986 1006 2035 equivocis
1046 1996 1081 2022 et
1121 1986 1459 2022 altercacionibus
1498 1986 1709 2022 nominum
1744 1985 1820 2021 evi-

509 2046 691 2088 tandum,
727 2047 834 2093 quod
867 2044 970 2080 sicut
1000 2045 1075 2080 hoc
1108 2057 1256 2080 nomen
1294 2045 1414 2080 “ens''
1451 2053 1509 2080 est
1532 2055 1747 2080 commune
1771 2044 1820 2079 ad

509 2102 746 2150 signandum
774 2102 995 2151 quamlibet
1019 2102 1243 2148 veritatem,
1269 2102 1324 2138 sic
1348 2112 1384 2138 et
1409 2104 1484 2138 hoc
1507 2114 1656 2137 nomen
1684 2101 1818 2144 “res⁷';

511 2170 619 2208 patet
666 2173 709 2196 ex
749 2163 870 2197 modo
915 2160 1107 2208 loquendi
1146 2160 1344 2208 scripture
1392 2173 1471 2208 quo
1511 2160 1561 2196 ad
1601 2160 1819 2195 secundam

511 2228 678 2266 partem,
714 2231 789 2266 que
825 2218 955 2254 minus
989 2217 1118 2254 evidet
1152 2230 1194 2254 ex
1219 2219 1307 2263 hoc,
1342 2219 1449 2266 quod
1473 2217 1672 2265 scriptura
1705 2225 1820 2252 vocat
1837 2220 1876 2251 25

509 2277 588 2312 tale
616 2289 683 2312 ens
716 2289 815 2321 rem,
850 2277 957 2324 quod
982 2276 1152 2311 maxime
1177 2276 1388 2323 elongatur
1416 2289 1437 2312 a
1461 2275 1623 2311 racione
1647 2274 1819 2310 absoluti

510 2343 546 2369 ct
579 2347 670 2370 raro
703 2343 819 2370 vocat
852 2334 1082 2370 absolutum
1123 2342 1165 2369 ut
1199 2333 1486 2379 substanciam,
1516 2335 1520 2381 Ι
1550 2332 1817 2381 quantitatem
1837 2336 1968 2377 F.207¹

509 2392 569 2427 vel
603 2392 837 2439 qualitatem
872 2405 955 2428 rem
991 2391 1187 2439 aliquam3
1222 2393 1329 2439 quod
1363 2391 1453 2427 ideo
1486 2392 1588 2427 forte
1622 2400 1691 2436 est,
1726 2389 1819 2438 quia

510 2451 628 2485 habet
658 2450 822 2485 nomina
845 2449 1049 2497 specialia,
1085 2448 1228 2497 quibus
1252 2449 1358 2496 ipsas
1383 2449 1588 2496 exprimet.
1623 2447 1820 2483 Scribitur

510 2507 615 2542 enim
647 2507 809 2543 Genesis
838 2507 938 2552 34¹0,
973 2508 1079 2554 quod
1114 2506 1273 2543 Sichem
1309 2519 1391 2542 rem
1426 2507 1556 2542 fedam
1592 2515 1693 2541 esset
1726 2518 1819 2552 ope-
1837 2510 1878 2542 30

510 2574 620 2600 ratus
659 2564 848 2601 violando
883 2567 1037 2612 Dynam
1076 2574 1231 2612 stupro,
1278 2566 1385 2612 quod
1419 2573 1547 2600 textus
1586 2572 1701 2599 vocat
1735 2576 1816 2598 rem

579 2723 678 2765 5—7.
710 2724 841 2754 scilicet
867 2724 932 2754 dici
959 2741 1003 2745 —
1029 2724 1139 2765 magis
1166 2729 1198 2754 et
1225 2723 1350 2754 minus.
1390 2723 1604 2764 Relegamur
1635 2723 1683 2753 ad
1708 2732 1819 2763 expo-

509 2770 652 2846 {isioges
677 2770 879 2845 Αξίἰϊωξεῖῐε
906 2771 939 2801 in
970 2771 1141 2811 Catef20r.
1176 2770 1262 2811 Cap.
1289 2769 1319 2799 V
1340 2769 1425 2811 [VII]
1446 2769 1527 2808 (Ed.
1549 2770 1631 2800 Par.
1653 2769 1673 2799 I
1689 2772 1710 2799 l)
1726 2788 1741 2790 —
1759 2771 1818 2805 11).

512 2826 564 2848 ³0.
626 2825 678 2848 en.
706 2829 726 2846 ο
759 2839 766 2856 ,
820 2840 827 2847 .
