2056 3234
216 195 304 223 CAP·
327 195 393 223 XV·
535 198 593 229 DE
620 197 742 229 ENTE
770 198 1190 230 PREDICAMENTALI.

215 305 421 352 loquentes
454 316 615 340 omnem
650 312 804 340 motum
838 303 993 340 causari
1026 316 1069 340 ex
1102 304 1332 342 resistencia
1366 306 1524 343 mobilis

215 363 263 398 ad
299 370 513 398 motorem.

272 420 456 456 Secunda
506 427 562 455 est
612 418 739 455 activa
790 418 1008 455 renitencia
1053 419 1225 466 mobilis,
1277 433 1348 457 suo
1394 420 1525 468 agenti

215 476 429 523 contrario,
463 485 499 512 et
527 476 659 513 taliter
681 489 761 512 non
784 476 930 513 resistit
953 476 1030 513 alia
1060 490 1151 524 pars
1175 478 1247 514 celi
1270 491 1341 514 suo
1364 479 1524 523 motori‚

182 536 282 571 5sed
321 534 566 579 sublunaria,
612 533 806 570 habencia
846 543 1022 570 motores
1061 534 1137 571 illis
1176 535 1412 582 contrarios,
1458 536 1524 584 qui

161 836 198 856 10

159 1112 194 1145 15

155 1412 196 1433 20

152 1979 194 2010 30

214 593 411 628 movendo
443 600 674 638 moventur3
708 593 839 627 omnis
872 591 976 627 enim
1010 592 1121 629 accio
1155 602 1212 629 est
1244 593 1405 630 racione
1434 607 1525 630 con-

213 649 428 687 trarietatis
451 649 553 686 inter
575 661 694 697 agens
717 658 754 685 et
777 662 951 697 passum,
969 651 1030 686 vel
1053 650 1213 687 racione
1232 652 1525 688 contrarietatis

214 707 318 744 inter
355 707 571 744 terminum
605 720 627 743 a
659 719 738 754 quo
776 707 951 743 accionis
984 716 1021 743 et
1058 708 1273 745 terminum
1308 710 1358 745 ad
1391 721 1524 757 quem.

214 768 363 802 Neutro
387 774 518 801 autem
545 764 713 801 istorum
738 765 950 801 modorum
975 765 1122 802 resistit
1146 768 1264 803 Deus.
1295 768 1371 803 Sed
1393 767 1525 815 primo

214 824 334 859 modo
379 824 581 870 loquendo
619 822 787 868 videtur,
833 824 940 870 quod
984 823 1114 859 omnis
1159 833 1342 861 creatura
1380 825 1526 861 resistit

212 880 395 928 potencie
418 880 502 916 Dei.
537 882 585 916 Et
617 881 792 916 secundo
825 882 946 917 modo
978 882 1180 930 loquendo
1202 882 1360 918 videtur
1382 895 1526 930 corpus

212 938 415 975 fetulantis
460 937 641 974 resistere
685 937 817 974 anime
861 951 942 985 sue,
989 948 1025 976 et
1067 952 1226 976 omnem
1272 949 1525 988 peccatorem

212 995 393 1032 resistere
427 997 521 1033 Deo.
567 996 682 1032 Unde
712 997 886 1032 Actuum
923 1000 967 1044 70
1001 997 1097 1034 dicit
1130 999 1377 1046 Stephanus:
1420 1000 1526 1045 „Vos

212 1066 370 1102 semper
402 1052 561 1101 spiritui
594 1062 731 1089 sancto
764 1053 988 1090 resistitis.”

271 1111 464 1148 Resistere
516 1120 651 1147 tamen
702 1111 826 1148 tercio
878 1111 918 1148 in
970 1111 1174 1149 communi
1225 1113 1524 1161 significacione

211 1178 326 1206 sonat
357 1169 398 1205 in
429 1168 778 1216 impedimentum,
813 1169 984 1217 qualiter
1016 1169 1195 1218 loquitur
1226 1172 1442 1219 Apostolus
1475 1173 1524 1208 ad

212 1229 413 1263 Romanos
454 1230 498 1273 90
537 1226 771 1273 „Voluntati
816 1227 899 1264 eius
938 1227 1026 1276 quis
1064 1228 1316 1265 resisteret'’?
1362 1231 1410 1265 Et
1448 1229 1523 1266 isto

212 1286 332 1321 modo
383 1296 475 1332 sepe
525 1284 620 1320 dicit
670 1284 883 1332 scriptura,
935 1287 1042 1334 quod
1092 1286 1216 1323 nichil
1265 1295 1396 1335 potest
1440 1289 1523 1324 Deo

211 1342 407 1379 resistere.

268 1402 357 1437 Non
379 1412 472 1447 ergo
495 1398 692 1447 sequitur:
717 1401 822 1435 Deus
847 1401 1049 1437 concurrit
1073 1414 1162 1438 cum
1186 1414 1316 1450 passo,
1341 1402 1523 1439 faciendo

211 1458 294 1494 eius
327 1457 614 1503 resistenciam,
648 1469 741 1505 ergo
766 1459 871 1494 Deus
894 1458 1041 1495 resistit
1063 1459 1182 1496 alicui
1206 1460 1331 1496 altero
1354 1460 1522 1497 istorum

211 1517 439 1561 modorum,
484 1527 574 1551 cum
614 1517 719 1551 Deus
764 1528 845 1551 non
888 1515 1072 1553 innititur
1116 1530 1207 1554 cum
1252 1527 1405 1566 agente,
1450 1531 1523 1555 nee

210 1573 357 1610 resistit
372 1585 462 1609 cum
487 1572 682 1621 paciente,
707 1574 774 1609 sed
798 1575 977 1611 modeste
995 1584 1135 1623 regnat
1157 1585 1284 1612 totum
1306 1577 1521 1622 mundum3

210 1631 300 1667 ideo
340 1643 422 1667 non
462 1640 519 1667 est
550 1631 879 1678 ymaginandum,
921 1634 1030 1680 quod
1063 1632 1141 1669 alia
1175 1642 1358 1670 creatura
1391 1643 1523 1682 potest

180 1688 403 1736 'impedire
441 1689 502 1724 vel
541 1700 729 1736 superare
769 1691 911 1735 Deum,
957 1690 1185 1727 frustrando
1230 1703 1319 1728 eum
1365 1705 1387 1728 a
1432 1692 1521 1737 fine,

210 1759 327 1795 quem
360 1746 543 1793 intendit,
579 1747 776 1783 movendo
809 1755 877 1783 aut
908 1747 1140 1784 inclinando
1171 1758 1419 1796 creaturam3
1453 1751 1521 1786 sed

209 1807 293 1841 Deo
321 1803 508 1840 continue
535 1813 676 1852 agente
698 1804 919 1852 quamlibet
941 1814 1166 1843 creaturam
1197 1807 1391 1855 contingit
1415 1820 1522 1844 crea-

209 1871 339 1899 turam
364 1861 606 1899 racionalem
629 1861 702 1899 niti
718 1875 797 1910 quo
817 1864 866 1899 ad
881 1863 1002 1910 aliud,
1019 1873 1159 1901 contra
1180 1877 1294 1901 suum
1311 1865 1520 1902 consilium

208 1921 268 1956 vel
300 1929 549 1967 preceptum,
590 1928 626 1956 et
665 1928 758 1956 tunc
797 1920 943 1957 dicitur
976 1921 1065 1958 talis
1105 1931 1286 1959 creatura
1320 1923 1521 1960 contraria

209 1990 292 2023 suo
314 1977 446 2025 agenti
479 1978 553 2014 sibi
586 1977 782 2025 resistere,
817 1987 853 2014 et
875 1979 1114 2026 specialiter,
1148 1980 1179 2016 si
1204 1981 1347 2017 habeat
1370 1982 1518 2017 bonum

209 2034 442 2071 instinctum
466 2049 488 2072 a
511 2038 608 2082 Deo,
642 2048 760 2083 quern
785 2035 907 2083 gratis
939 2037 1137 2085 extingwit
1168 2039 1229 2074 vel
1260 2038 1410 2075 omittit
1442 2052 1521 2087 quo

209 2094 259 2129 ad
295 2093 646 2140 prosecucionem3
691 2094 789 2130 tales
828 2093 933 2130 enim
972 2094 1013 2131 in
1051 2108 1197 2132 vanum
1237 2096 1415 2144 graciam
1448 2097 1520 2133 Dei

209 2150 407 2199 recipiunt
435 2148 439 2203 Ι
469 2152 688 2187 secundum
732 2152 971 2199 Apostolum
1017 2155 1192 2190 secundo
1237 2155 1287 2190 ad
1332 2155 1423 2191 Cor.
1459 2156 1519 2201 60,

209 2221 300 2245 curn
323 2208 565 2245 inclinancia
589 2210 638 2245 ad
661 2211 810 2245 bonum
835 2209 884 2245 sit
906 2222 928 2246 a
951 2212 1035 2247 Deo
1062 2224 1140 2247 non
1162 2212 1319 2248 volente
1348 2212 1520 2260 amplius

209 2265 400 2303 inclinare
440 2266 509 2313 sic,
548 2267 655 2314 quod
694 2267 878 2303 voluntas
911 2267 982 2304 Dei
1017 2277 1053 2304 et
1086 2268 1189 2315 finis,
1225 2282 1520 2318 quemcumque

192 2323 292 2371 -ipse
315 2323 542 2370 intenderit,
571 2336 729 2372 semper
751 2324 954 2372 impletur,
983 2334 1019 2361 et
1048 2338 1118 2373 per
1145 2338 1391 2375 consequens
1414 2330 1520 2364 Deus

208 2394 289 2418 non
321 2381 490 2418 intendit
520 2381 638 2418 finem
672 2382 926 2430 impeditum,
960 2384 1029 2419 sed
1062 2384 1162 2431 agit3
1196 2387 1304 2432 quod
1336 2385 1367 2421 si
1401 2398 1519 2434 agens

208 2440 389 2475 naturale
418 2439 560 2475 nititur
582 2440 686 2476 ultra
709 2440 797 2485 hoc,
828 2441 935 2488 quod
958 2440 1038 2488 agit
1066 2442 1116 2478 ad
1145 2451 1265 2489 extra,
1296 2451 1391 2479 tunc
1414 2446 1519 2480 Deus

208 2496 354 2533 resistit
386 2496 460 2533 sibi
492 2497 616 2533 tercio
650 2499 770 2534 modo
803 2497 1039 2546 impediens,
1076 2512 1125 2536 ne
1164 2500 1267 2536 ultra
1301 2502 1463 2537 modum
1498 2514 1520 2537 a

276 2663 321 2691 28.
345 2664 438 2691 σοφ-
456 2664 508 2692 nni
523 2651 548 2699 Β
569 2665 606 2691 ad
627 2657 664 2692 {101
682 2650 705 2700 ξ
725 2656 788 2692 suff.
861 2664 907 2699 34.
931 2665 1026 2693 Coa„-
1045 2667 1172 2694 valente.

283 2759 332 2790 13.
360 2761 435 2790 Act.
468 2761 496 2798 7,
521 2761 572 2792 51.
685 2770 734 2801 17.
761 2761 865 2792 Rom.
891 2764 922 2798 9,
951 2764 999 2793 19.
1112 2763 1164 2796 33.
1192 2766 1213 2795 2
1241 2764 1321 2795 Cor.
1352 2766 1384 2802 6,
1410 2766 1446 2795 1.-
1477 2773 1518 2796 ne

184 2803 243 2835 .in
271 2815 418 2836 vacuum
444 2805 603 2847 gratiam
631 2805 703 2838 Dei
729 2806 919 2847 recipiatis.

1737 192 1810 238 139

1600 429 1636 456 ΙΙ.
1659 429 1755 456 active

1546 464 1738 525 tssfipffliiss'}
1754 471 1805 525 33¹0

1563 507 1648 568 thirig
1669 533 1789 560 moved.

1544 1121 1595 1148 111.
1616 1121 1804 1149 Hindrancc.
