2056 3234
288 180 310 215 6
961 179 1187 213 JOHANle
1210 179 1381 211 WICLIF
1651 175 1740 204 CAP.
1760 174 1828 203 ΧΠ.

519 287 650 336 „Dixit
672 288 836 324 Balaam
861 286 967 323 filius
989 289 1111 323 Beor:
1144 285 1242 322 dixit
1273 285 1412 333 homo,
1443 283 1557 322 cuius
1588 285 1829 322 obturbatus

515 355 574 383 est
617 347 777 383 oculus:
823 345 920 381 dixit
964 343 1126 381 auditor
1163 356 1394 380 sermonum
1433 343 1519 390 Dei,
1565 342 1830 392 quiscumque

514 403 804 453 omnipotentis
828 403 900 439 Dei
922 400 1092 440 intuitus
1115 410 1186 449 est,
1211 401 1279 450 qui
1302 403 1430 447 cadet,
1456 410 1494 438 et
1516 400 1572 438 sic
1594 400 1831 449 aperiuntur

515 462 622 499 oculi
646 462 773 499 eius'’.
797 463 913 507 Ecce,
937 462 1046 509 quod
1068 460 1200 508 primo
1224 461 1464 496 obturbatus
1487 459 1560 496 fuit
1582 460 1722 496 oculus
1747 459 1830 495 eius

516 520 557 557 in
581 520 658 567 die,
692 529 730 556 et
758 520 935 557 secundo
969 519 1116 555 cadens
1148 518 1189 554 in
1220 530 1408 554 somnum
1442 516 1570 566 aperti
1603 525 1694 553 sunt
1726 516 1863 554 oculie')

237 589 272 617 ln
293 598 310 629 ‚a
330 589 414 618 third
434 589 495 617 and
519 578 677 624 mentis,
713 586 751 614 et
782 577 839 614 sic
870 576 969 614 vidit
1000 577 1134 612 futura
1173 575 1421 624 prophetice.
1466 574 1610 612 Tercio
1650 583 1832 611 movetur

232 624 497 688 lfflssf‘iswffgvtelff
518 636 676 673 animus
715 634 856 673 alciori
896 635 1017 671 modo
1057 647 1078 671 a
1112 635 1196 670 Deo
1234 633 1378 681 illapso
1412 632 1535 669 menti
1569 642 1605 669 et
1637 632 1693 669 sic
1725 632 1833 681 iuxta

263 695 461 758 ssgmffig‘riitzss
517 693 866 743 ymaginacionem
902 691 1121 729 Democriti
1154 691 1291 728 anima
1324 700 1382 727 est
1414 690 1528 739 quasi
1565 702 1682 739 spera
1714 690 1831 739 ignea

297 765 430 793 teaches.
515 761 649 789 rotata
688 750 945 799 multipharie
983 762 1102 798 super
1141 749 1356 798 planiciem
1396 749 1457 785 sui
1489 748 1637 785 obiecti
1669 761 1776 785 nunc
1809 761 1831 785 a

516 811 646 847 forma
678 823 751 847 sua
782 809 1014 856 intrinseca,
1048 817 1085 845 et
1118 808 1173 844 sic
1206 807 1341 844 anima
1372 806 1610 843 naturaliter
1642 806 1769 843 tendit
1791 805 1832 843 in
1851 823 1889 844 10

517 871 644 905 Deum
670 867 863 905 sinderesi
885 866 1093 903 subductis
1117 866 1309 902 altaribus
1333 865 1541 911 extraneis,
1576 877 1682 901 nunc
1714 873 1832 902 vento

516 927 827 963 simulacrorum
861 924 1110 961 sensibilium
1143 923 1382 972 propellitur
1405 924 1455 959 ad
1478 924 1694 971 tegendum
1718 922 1833 971 spiri—

517 984 682 1021 tualiter
722 996 830 1021 nunc
874 983 1048 1028 celestia,
1093 994 1201 1018 nunc
1244 981 1468 1028 terrestria3
1516 980 1834 1029 cogitacionibus

519 1043 692 1079 multum
713 1042 823 1090 vagis
856 1053 963 1077 nunc
996 1053 1040 1077 ex
1073 1039 1263 1076 bassitate
1295 1038 1483 1088 planiciei
1507 1039 1681 1076 declinat
1703 1040 1753 1075 ad
1776 1039 1835 1075 in-

518 1100 638 1137 ferius
682 1109 891 1148 tamquam
938 1098 1081 1147 gravis,
1127 1099 1236 1146 quod
1282 1098 1337 1143 fit,
1378 1098 1541 1146 quando
1579 1097 1889 1135 terrestribus15

518 1159 746 1195 inordinate
779 1157 953 1194 afficitur
985 1155 1256 1205 disposicione
1288 1156 1349 1192 vel
1380 1155 1534 1201 habitu,
1569 1164 1606 1191 et
1628 1168 1734 1192 nunc
1755 1164 1835 1192 tra-

519 1217 627 1253 hitur
659 1230 681 1253 a
713 1216 826 1253 radio
853 1214 1120 1263 intelligencie
1144 1215 1365 1251 secundum
1390 1213 1473 1250 eius
1496 1213 1761 1261 capacitatem
1785 1214 1836 1250 ad

519 1287 691 1321 sursum,
726 1273 970 1322 specialiter,
1005 1273 1036 1309 si
1070 1274 1191 1309 homo
1223 1285 1304 1308 non
1337 1271 1387 1308 sit
1419 1271 1548 1319 gravis
1581 1273 1713 1318 corde,
1748 1271 1836 1307 dili-

520 1335 650 1381 gendo
671 1332 890 1369 vanitatem
914 1330 1175 1368 sensibilium.
1209 1330 1297 1366 Istis
1321 1339 1496 1379 quatuor
1519 1329 1648 1366 modis
1671 1342 1836 1378 genera-

519 1391 610 1428 liter
643 1389 841 1439 conting'it
874 1402 1034 1437 speram
1068 1388 1220 1425 moveri
1252 1400 1372 1436 super
1395 1388 1574 1436 planum,
1609 1396 1646 1424 et
1669 1400 1836 1436 propor-
1852 1403 1894 1424 20

521 1449 731 1486 cionaliter
770 1457 954 1485 movetur
992 1448 1192 1484 humanus
1230 1446 1388 1483 animus
1420 1445 1685 1494 spiritualiter
1717 1457 1837 1494 super

520 1508 644 1544 latam
668 1506 882 1555 planiciem
906 1505 966 1542 sui
989 1505 1136 1542 obiecti
1160 1504 1294 1553 primi,
1328 1506 1438 1553 quod
1472 1513 1529 1541 est
1562 1516 1631 1540 ens
1664 1504 1705 1540 in
1728 1516 1837 1541 com-

523 1565 655 1610 muni;
689 1564 759 1612 sic,
794 1566 902 1614 quod
937 1563 1087 1601 claudit
1120 1562 1490 1599 contradiccionem
1524 1571 1659 1599 actum
1693 1562 1780 1599 elici
1814 1575 1836 1598 a

521 1626 606 1660 Deo
629 1623 690 1660 vel
711 1632 909 1668 creatura,
943 1621 1019 1658 nisi
1052 1621 1103 1658 sit
1135 1633 1256 1658 causa
1289 1633 1454 1657 movens
1487 1622 1538 1657 ad
1562 1620 1645 1657 eius
1670 1619 1836 1657 eleccio-

521 1694 628 1728 nem,
662 1681 754 1718 licet
777 1693 896 1717 cause
920 1679 1212 1728 cogitacionem
1238 1687 1276 1715 et
1296 1678 1550 1716 volucionem
1574 1678 1652 1715 sint
1675 1691 1696 1715 a
1720 1677 1836 1715 nobis
1852 1682 1891 1715 25

521 1739 743 1788 plurimum
776 1739 970 1787 ignorate.
1016 1737 1189 1786 Spiritus
1223 1736 1342 1783 enirn,
1376 1737 1444 1773 ubi
1476 1737 1554 1784 wlt,
1594 1736 1732 1785 spirat,
1767 1738 1837 1773 sed

522 1797 661 1844 nescit,
695 1798 801 1833 unde
831 1796 965 1834 veniat
998 1805 1035 1832 et
1068 1808 1148 1844 quo
1180 1796 1312 1833 vadat.
1346 1796 1439 1831 Ideo
1462 1795 1602 1842 tercio,
1626 1795 1720 1843 quia
1744 1807 1837 1843 ergo

522 1856 622 1892 tales
667 1864 779 1892 actus
823 1855 957 1891 anime
1001 1853 1141 1890 dicunt
1185 1853 1454 1890 communiter
1492 1862 1754 1902 aggregatum
1795 1865 1839 1888 ex

524 1913 671 1959 multis,
706 1926 879 1962 quorum
902 1912 1077 1961 primum
1104 1920 1161 1948 est
1184 1911 1331 1960 passi0,
1354 1920 1548 1949 vocantur
1571 1911 1840 1948 communiter

523 1971 742 2020 passiones,
777 1980 814 2008 et
837 1979 960 2019 patet,
995 1971 1103 2019 quod
1126 1978 1239 2007 actus
1261 1978 1428 2018 puratus
1453 1971 1502 2006 ab
1526 1969 1725 2015 extremis,
1760 1982 1840 2005 non
1855 1975 1898 2007 30

525 2038 582 2066 est
605 2041 675 2078 per
697 2041 738 2066 se
760 2028 801 2065 in
823 2041 967 2077 genere
990 2028 1179 2075 accionis,
1213 2029 1282 2064 sed
1314 2040 1385 2076 per
1417 2027 1714 2074 reduccionem,
1748 2040 1839 2076 cum

524 2087 742 2136 principiat
766 2087 1015 2125 movenciam
1040 2085 1220 2135 corporis
1245 2094 1282 2123 et
1305 2086 1490 2133 aliorum,
1511 2098 1587 2134 que
1610 2085 1840 2122 substancia

524 2155 628 2192 sunt,
662 2146 718 2182 sic
740 2145 1004 2194 spiritualiter
1027 2145 1258 2193 agentibu33
1291 2157 1372 2180 non
1393 2153 1530 2181 tamen
1555 2152 1687 2181 movet
1709 2143 1841 2180 obiec-

524 2213 610 2240 tum
650 2216 766 2240 suum
808 2203 1062 2251 primarium,
1107 2211 1150 2238 ut
1183 2202 1251 2248 sic,
1298 2202 1391 2251 quia
1424 2215 1542 2239 nemo
1575 2201 1686 2248 dicit,
1732 2202 1841 2250 quod

526 2274 667 2299 moveo
702 2261 830 2298 Deum
869 2262 930 2298 vel
967 2261 1077 2297 aliud
1115 2260 1405 2297 intellectivum
1439 2260 1571 2308 ipsum
1611 2259 1897 2307 cogitando,35

525 2321 594 2356 sed
632 2328 795 2356 ecentra
836 2331 998 2356 moveor
1036 2321 1086 2356 ab
1120 2319 1385 2367 apprehenso.
1432 2320 1480 2354 Et
1513 2326 1623 2366 patet
1661 2317 1840 2364 ulterius,

526 2379 635 2426 quod
668 2380 788 2424 Deus,
824 2390 914 2414 cum
948 2390 1029 2414 non
1060 2386 1192 2425 potest
1226 2376 1388 2422 moveri,
1423 2389 1503 2412 non
1536 2384 1667 2424 potest
1699 2375 1842 2412 elicere

597 2509 618 2528 ι.
638 2500 833 2534 obturbatus]
854 2500 944 2527 cocis
969 2499 1149 2527 obtubatus.
1224 2498 1260 2527 15.
1282 2499 1322 2533 fit]
1344 2499 1431 2527 cod.:
1455 2499 1522 2526 fuit.

597 2583 628 2615 7,
653 2571 686 2604 8.
717 2573 831 2604 Juxta,
851 2572 1155 2615 ymaginaci'on-em
1188 2572 1378 2604 Democriti
1412 2571 1538 2612 anima]
1576 2571 1620 2614 cf.
1653 2571 1755 2602 Arist.
1791 2570 1842 2602 De

527 2619 683 2650 Animal
705 2629 734 2659 2,
755 2620 771 2652 3
800 2619 882 2660 (Ed.
907 2620 992 2651 Par.
1014 2618 1320 2660 111433-438).
1422 2628 1471 2649 11.
1497 2618 1690 2649 Sinderesis
1717 2619 1841 2649 vocula

528 2666 563 2696 in
595 2666 782 2707 glossariis
816 2675 882 2697 non
917 2669 1055 2707 recepta
1086 2667 1250 2708 fortasse
1288 2665 1331 2697 ab
1365 2665 1485 2697 eodem
1527 2664 1646 2696 radice
1677 2664 1842 2696 derivata

528 2716 591 2750 est,
624 2722 690 2754 quo
724 2712 902 2751 sindon,
938 2713 1111 2749 velamen,
1149 2715 1255 2754 atque
1284 2713 1351 2743 hac
1387 2710 1646 2752 significatione
1683 2713 1768 2742 bene
1807 2710 1840 2741 in

527 2767 665 2790 sensum
713 2758 880 2800 quadrat.
933 2761 983 2789 An
1030 2755 1162 2788 sincrisi
1208 2768 1284 2789 cum
1314 2757 1392 2789 Th.
1431 2757 1546 2788 Siclsel
1591 2755 1843 2788 scribendum?

530 2802 584 2836 26.
613 2804 666 2846 Cf.
692 2805 772 2836 Jolz.
799 2805 833 2842 3,
862 2806 896 2837 8.
