2056 3234
203 199 291 227 CAP-
313 199 379 227 VII·
532 202 589 233 DE
619 202 740 233 ENTE
768 202 1187 234 PREDICAMENTALI.
1743 199 1793 245 (37

203 307 397 354 paciendo
421 309 527 355 quod
552 310 680 353 debet,
718 317 757 343 ut
791 317 899 355 patet
933 308 1056 344 tercio
1090 310 1136 343 de
1162 308 1303 344 Libero
1328 309 1505 345 Arbitrio

204 365 391 412 capitulo.

259 424 301 457 In
324 424 499 458 secundo
533 425 658 470 gradu
682 431 772 459 sunt
802 423 1023 459 dominium
1050 432 1086 459 et
1109 423 1276 460 servitus
1300 424 1506 471 prudentis
1532 432 1569 459 11.
1591 433 1785 469 intellectura,

202 488 238 515 et
271 480 457 525 bestialis,
498 489 534 516 ct
566 480 633 516 illa
665 489 831 517 vocatur
874 481 1021 517 relacio
1061 481 1222 529 proprie
1256 481 1373 528 dicta,
1416 495 1505 518 cum

168 537 343 585 §quibus
375 537 500 574 iustus
534 547 570 574 et
602 540 776 585 prudens
798 538 954 575 videtur
987 538 1186 575 dominari
1218 551 1337 587 super
1369 552 1506 588 quem—

201 607 373 643 cumque
417 595 472 631 sic
517 596 720 641 stolidum,
766 604 808 632 ut
846 596 1077 632 dominatur
1121 609 1240 644 super
1279 597 1425 634 bestias
1469 607 1504 634 et

200 653 337 688 omnia
369 652 556 689 inferiora
589 653 628 689 in
660 662 815 690 natura.

256 710 441 746 Tercium
478 723 568 747 vero
603 720 658 747 est
692 711 916 747 dominium
947 711 1059 748 civile
1093 724 1181 748 cum
1217 712 1406 749 servitute
1431 712 1505 749 sibi
1583 723 1632 750 111.
1654 723 1734 750 civil.

200 768 490 804 contradicenti
531 768 634 805 inter
666 768 869 805 hominem
911 769 1180 817 captivantem
1215 770 1335 806 alium
1370 771 1504 816 armis,

147 840 183 861 10
200 825 422 873 empcione,
444 825 761 863 institutionibus
777 826 961 863 humanis
976 828 1036 863 vel
1059 827 1363 876 quomodolibet
1380 828 1505 873 aliter,

198 892 235 919 et
258 883 323 919 illa
347 883 494 919 relacio
519 893 708 920 connotat
740 885 845 921 ultra
868 886 1152 933 quodcumque
1184 885 1370 922 accidens
1393 888 1508 922 abso-

197 941 323 977 lutum
358 941 537 977 habitum
572 943 620 978 de
651 942 794 978 ultimo
818 942 1134 990 predicamento,
1170 955 1257 979 cum
1293 944 1393 980 servi
1428 944 1505 980 sint

197 999 310 1046 quasi
343 1001 514 1046 pecudes
548 999 818 1036 dominorum.
853 1002 966 1036 Patet
999 1000 1074 1037 ista
1097 1001 1299 1038 sentencia
1332 1003 1508 1038 secundo

198 1056 456 1092 Politicorum
486 1057 543 1103 30,
578 1066 615 1093 et
638 1066 760 1105 patet,
795 1059 902 1106 quod
935 1058 1007 1094 iste
1040 1071 1120 1094 non
1153 1067 1244 1094 sunt
1276 1072 1374 1107 pure
1408 1060 1507 1096 rela-

145 1113 344 1159 15ciones,
379 1116 446 1150 sed
479 1124 692 1163 aggregata
721 1128 763 1151 ex
797 1115 931 1151 multis
964 1116 1174 1164 generibus
1207 1117 1506 1163 accidencium3

198 1171 287 1208 ideo
320 1184 401 1208 non
434 1181 638 1220 ponuntur
671 1185 717 1209 eo
751 1173 851 1221 ipso,
897 1186 976 1221 quo
1009 1182 1184 1210 extrema
1217 1184 1431 1223 aggregata
1464 1187 1507 1211 ex

198 1229 436 1266 substanciis
476 1239 512 1266 et
552 1230 826 1267 accidentibus
867 1231 1058 1268 absolutis
1097 1241 1186 1268 sunt
1222 1232 1366 1280 posita,
1406 1233 1508 1269 sicut

198 1296 254 1323 est
287 1288 334 1323 de
368 1287 476 1335 puris
509 1289 789 1325 relacionibus.

255 1346 367 1381 Patet
406 1345 539 1394 itaque
578 1358 621 1381 ex
661 1346 793 1391 dictis,
839 1348 947 1395 quod
985 1347 1116 1384 omnis
1157 1348 1304 1385 relacio
1343 1348 1506 1396 proprie
1538 1358 1637 1394 Every
1656 1359 1783 1386 relation

141 1418 181 1439 20
198 1401 303 1438 dicta
344 1403 474 1439 differt
514 1416 535 1440 a
575 1405 799 1452 quantitate
839 1413 876 1440 et
909 1405 1114 1453 qualitate,
1161 1405 1291 1442 differt
1324 1406 1448 1442 eciam
1484 1419 1505 1442 a
1547 1391 1767 1455 cffissssessllyflgf's

197 1459 337 1496 ceteris
383 1461 642 1508 respectibus,
689 1475 779 1499 cum
824 1475 964 1499 omnes
1007 1462 1073 1499 alii
1124 1472 1328 1511 respectus
1373 1472 1506 1512 preter
1538 1463 1617 1524 ΫΙῖἹἮ
1639 1464 1779 1525 ῆὲἓιῐιῑξῑνῑ)

197 1518 424 1555 accidencia
446 1520 628 1556 absoluta
663 1529 930 1556 extremorum
964 1521 1237 1568 superaddunt
1271 1521 1504 1569 disposicio-
1637 1505 1653 1532 q

195 1588 286 1611 nem
311 1576 584 1623 extrinsecam,
619 1591 697 1625 qua
721 1586 882 1626 oportet
911 1587 1119 1626 expectare
1152 1580 1201 1614 ad
1225 1591 1364 1616 eorum
1398 1580 1505 1627 prin-

196 1632 459 1681 cipacionem,
508 1644 550 1670 ut
590 1648 670 1671 non
711 1648 754 1672 ex
794 1636 881 1681 hoc,
923 1638 1030 1684 quod
1068 1636 1220 1684 aliquid
1259 1646 1315 1673 est
1350 1646 1504 1673 motum

48 1695 86 1727 F.
104 1695 179 1727 205¹
197 1700 234 1727 et
257 1692 365 1727 aliud
390 1692 550 1739 mobile,
568 1694 864 1741 quantumlibet
880 1694 1192 1742 proporcionata
1209 1703 1245 1730 et
1265 1695 1479 1743 applicata,
1499 1692 1502 1745 Ι

197 1749 390 1797 sequitur,
436 1752 543 1798 quod
582 1751 632 1786 sit
677 1751 842 1799 agencia
881 1752 942 1788 vel
988 1760 1118 1788 motus
1158 1752 1261 1788 inter
1305 1765 1364 1799 ea,
1412 1752 1505 1801 quia

196 1815 355 1855 oportet
388 1817 596 1855 expectare
628 1817 788 1857 tempus
823 1818 860 1845 et
892 1809 1024 1845 nisum
1058 1810 1226 1857 agentis.

255 1867 303 1901 Et
326 1874 448 1913 patet,
483 1868 592 1914 quod
616 1867 727 1903 accio
752 1876 788 1903 et
811 1866 943 1915 passio
967 1869 1270 1915 supperaddunt
1294 1868 1504 1913 relacioni3
1550 1877 1720 1917 Difference
1740 1878 1774 1905 of

196 1922 280 1970 ipse
303 1931 439 1959 tamen
471 1933 775 1972 presupponunt
799 1937 900 1970 eam,
935 1925 1038 1962 sicut
1067 1925 1214 1962 relacio
1243 1926 1506 1974 presupponit
1533 1913 1680 1940 relanons
1700 1913 1781 1940 from

1616 1948 1703 1975 other

142 1984 183 2017 30
198 1980 431 2028 qualitatem
472 1990 509 2017 et
547 1981 632 2030 ipsa
674 1982 962 2030 quantitatem,
1004 1991 1040 2020 et
1081 1992 1249 2030 constat,
1292 1986 1398 2032 quod
1438 1984 1505 2020 ubi
1527 1982 1788 2044 Ip¹lssj³gffiffffj¹2¹t¹ffgn

199 2046 235 2073 et
252 2040 413 2086 quando
437 2041 713 2087 superaddunt
727 2040 986 2086 relacionem,
1011 2040 1104 2089 quia
1120 2041 1234 2078 aliter
1257 2050 1504 2090 sequeretur,
1552 2053 1610 2090 ana
1634 2052 1769 2086 passion,

199 2095 229 2131 si
262 2097 400 2132 datum
435 2109 580 2145 corpus
618 2098 755 2134 locans
790 2107 847 2135 est
880 2111 969 2135 cum
1004 2099 1190 2135 omnibus
1232 2099 1507 2136 accidentibus
1532 2087 1568 2113 11.
1590 2087 1669 2113 “⁰¹¹¹
1692 2087 1786 2121 place,

199 2154 392 2191 absolutis
421 2163 458 2191 et
490 2167 635 2203 corpus
658 2156 785 2192 locale
818 2169 908 2193 curn
938 2156 1032 2203 suis,
1068 2158 1175 2206 quod
1200 2170 1323 2193 unum
1356 2157 1507 2194 locaret

267 2307 287 2326 1.
312 2300 405 2328 Coast-
424 2298 453 2327 30
473 2300 502 2327 d'
522 2300 595 2328 lib'o
616 2301 733 2328 arbitre
755 2302 833 2328 calis.

272 2404 298 2426 1.
343 2394 396 2436 Cf.
433 2395 589 2426 Anselmi
629 2396 886 2428 Cantuariensis
924 2397 1058 2439 Dialog.
1101 2398 1143 2429 de
1182 2398 1309 2429 Libero
1347 2399 1508 2440 Arbitrio,

199 2450 272 2482 cap.
292 2440 333 2471 ΙΙΙ
353 2441 485 2483 (Migne
506 2442 657 2473 CLVIII
673 2443 774 2484 493).
802 2443 918 2486 Mag..
916 2455 922 2462 ·
942 2444 997 2474 Ad
1021 2444 1104 2484 quid
1129 2444 1192 2476 tibi
1218 2445 1383 2477 videntur
1410 2446 1507 2478 illam

198 2487 356 2519 habuisse
379 2487 577 2519 libertatem
606 2488 776 2520 arbitrii?
803 2491 854 2520 An
875 2490 923 2520 ad
943 2490 1212 2531 assequendum,
1238 2491 1331 2531 quod
1350 2492 1508 2524 vellent?

199 2534 251 2564 An
279 2533 327 2564 ad
353 2534 550 2573 volendum,
577 2534 668 2575 quod
693 2535 870 2575 deberent,
903 2540 936 2567 et
964 2536 1056 2578 quod
1082 2537 1149 2568 illis
1175 2538 1263 2569 velle
1290 2539 1507 2580 expedi»etP

201 2579 316 2612 Disc:
346 2579 401 2610 Ad
426 2581 624 2619 volendum,
662 2581 756 2622 quod
787 2581 972 2621 deberent,·
1011 2587 1045 2614 et
1070 2584 1162 2623 quod
1193 2584 1379 2624 expediret
1412 2585 1507 2617 velle

206 2625 254 2657 13.
289 2626 341 2668 Cf.
368 2626 471 2656 Arist.
503 2626 602 2657 Polit.
628 2627 654 2657 II
687 2637 712 2666 1,
745 2626 765 2658 8
797 2627 845 2668 (in
879 2628 960 2659 edd.
988 2629 1255 2683 antiquz'oribus
1282 2630 1374 2668 113,
1401 2633 1428 2669 I,
1454 2631 1498 2663 ed

200 2673 284 2703 Par.
320 2671 445 2710 Ι,498
473 2674 490 2703 1
514 2672 597 2718 ss.).
624 2672 716 2704 Ἀλλὰ
753 2684 824 2715 μην
857 2671 933 2705 οὐδ
966 2671 996 2705 εἰ
1033 2677 1139 2707 τοῦτο
1178 2673 1326 2717 ἄριστόν
1362 2672 1436 2707 ἐστι
1467 2674 1507 2708 τὸ

200 2715 297 2758 μίαν,
322 2712 377 2748 ὅτι
402 2716 538 2759 μάλιστ
564 2712 656 2750 εἶναι
680 2717 745 2761 τὴν
769 2718 974 2761 κοινωνίαν,
999 2719 1083 2752 οὐδὲ
1109 2720 1205 2753 τοῦτ’
1223 2719 1509 2754 ἀποδείκνυσθαι

202 2761 370 2803 φαίνεται
402 2762 492 2794 κατὰ
520 2760 582 2795 τὸν
606 2762 721 2807 λόγον,
752 2762 815 2797 ἕσιν
847 2776 979 2803 παντες
1009 2764 1083 2808 ἅμα
1113 2766 1149 2799 λέ
1133 2778 1241 2809 ..τγωσι
1266 2767 1304 2799 τὸ
1332 2764 1419 2810 ἐμὸν
1451 2781 1509 2800 και

202 2806 242 2839 τὸ
271 2807 318 2850 μὴ
344 2806 454 2851 ἐμὸν.
475 2834 481 2840 .
503 2811 597 2841 ..κτλ

1325 2872 1340 2904 5
1351 2874 1370 2891 vz÷
