2056 3234
269 218 289 253 8
988 223 1212 254 JOHANNIS
1237 222 1405 254 WICLIF
1734 219 1822 247 cAP.
1844 220 1866 247 1.

557 330 636 367 sive
670 330 794 378 possit
830 329 979 366 moveri
1019 342 1089 377 per
1127 329 1255 365 forme
1294 327 1628 377 adquisicionem,
1668 328 1748 364 sive
1787 341 1868 365 non

558 401 640 425 esse
674 387 859 424 accidens
892 387 962 433 illi,
998 386 1060 423 cui
1094 386 1207 431 inest,
1243 396 1279 422 et
1312 386 1446 423 taliter
1477 385 1635 422 volucio
1659 398 1791 422 rerum
1818 387 1866 422 ad

558 446 783 493 exemplum
818 444 1018 490 divinum3
1072 453 1109 481 et
1149 445 1345 492 quotlibet
1384 444 1478 480 talia
1518 443 1653 480 insunt
1687 446 1784 490 Deo,
1825 452 1869 480 ut

558 511 667 552 patet
682 502 945 550 Monologion
970 506 1057 550 270,
1081 511 1118 538 et
1142 506 1186 549 70
1211 505 1267 539 De
1289 502 1486 539 Trinitate
1509 501 1687 549 capitulo
1711 501 1866 537 ultimo.

321 569 377 608 ²111.
399 568 481 596 Most
616 562 693 597 Sed
726 560 851 597 tercio
884 559 1136 597 strictissime
1170 569 1206 596 et
1230 558 1506 608 propriissime
1530 560 1705 607 quelibet
1738 560 1902 596 forma5

274 602 537 666 sitghcgll-{sstofoagly
558 619 742 655 inherens
775 618 1016 662 substancie,
1050 631 1120 665 per
1153 618 1264 655 cuius
1297 616 1615 666 adquisicionem
1646 617 1707 654 vel
1731 618 1870 665 deper-

326 673 365 709 by
383 672 489 700 whose
559 676 759 712 dicionem
786 685 842 712 est
865 675 952 724 ipsa
976 675 1148 721 mobilis,
1174 676 1340 721 dicitur;
1375 684 1412 711 et
1434 675 1511 711 isto
1536 676 1658 711 modo
1682 675 1870 711 locuntur

302 714 504 770 {ss}{{{{etss{
558 733 804 782 philosophi,
838 743 880 770 ut
914 734 1065 770 dictum
1100 743 1157 770 est
1190 734 1229 770 in
1263 734 1339 770 fine
1372 741 1566 769 tractatus
1589 732 1721 781 primi.
1757 735 1870 769 Patet

269 777 542 846 m212125tsi1¹i>cjgc¹t⁵to
558 792 632 828 ista
677 791 885 828 distinccio
924 791 1185 839 Monologion
1224 796 1311 839 270.
1359 790 1423 827 Sic
1468 803 1561 838 ergo
1606 790 1866 838 intelligendo

298 846 512 915 ehgssffiligiie'
557 849 743 887 accidens
776 850 968 897 analoyce
1000 849 1123 885 nichil
1157 851 1270 886 obest
1303 850 1523 886 concedere
1557 848 1869 896 pretericionem
1891 861 1929 882 10

558 916 594 944 et
646 907 930 944 futuricionem
994 919 1076 943 esse
1121 907 1352 944 accidencia
1404 906 1460 943 rei
1513 907 1733 943 secundum
1787 918 1871 942 esse

557 965 820 1013 intelligibile.
853 967 956 1002 Nam
989 964 1100 1001 omni
1124 967 1235 1013 ydee,
1269 965 1370 1002 sieut
1403 973 1440 1000 et
1463 967 1560 1009 Deo,
1585 964 1652 1012 qui
1676 963 1872 1000 essencia-

556 1023 647 1059 liter
680 1032 739 1060 est
771 1023 901 1059 omnis
933 1024 1047 1070 ydea,
1082 1022 1361 1071 contingenter
1393 1022 1494 1058 inest
1527 1022 1611 1058 fore
1644 1030 1712 1058 aut
1735 1021 1870 1068 fuisse,

557 1090 595 1118 et
627 1094 697 1129 per
731 1093 979 1130 consequens
1011 1080 1200 1118 futuricio
1231 1089 1267 1117 et
1291 1080 1524 1129 pretericio;
1559 1092 1653 1128 ergo
1687 1089 1744 1117 est
1778 1081 1872 1116 dare

557 1139 699 1175 talium
733 1139 1009 1187 contingenter
1042 1138 1342 1175 inexistencium
1366 1138 1590 1175 formaliter
1622 1137 1770 1187 aliqua,
1795 1149 1870 1186 que
1893 1139 1928 1172 15

558 1205 728 1245 possunt
760 1196 951 1243 vicissim,
985 1196 1177 1245 quociens
1200 1196 1374 1243 libuerit,
1407 1209 1513 1232 nunc
1546 1195 1687 1243 inesse,
1712 1204 1749 1232 et
1772 1195 1871 1232 alias

559 1254 753 1303 privative
786 1256 940 1291 deesse:
976 1264 1012 1291 et
1045 1254 1113 1291 illa
1146 1263 1238 1291 sunt
1270 1254 1434 1303 proprie
1467 1253 1710 1290 accidencia.
1741 1250 1745 1306 Ι

619 1314 687 1349 Est
719 1312 759 1348 in
791 1313 969 1349 secundo
1002 1314 1128 1360 gradu
1162 1314 1257 1349 dare
1290 1312 1381 1358 alia,
1436 1324 1511 1360 que
1544 1320 1711 1360 possunt
1743 1311 1872 1348 inesse
1888 1315 1926 1347 F.
1946 1325 2005 1358 192

560 1379 774 1419 postquam
810 1371 1035 1417 defuerunt,
1067 1370 1128 1407 vel
1152 1372 1286 1407 deesse
1309 1379 1523 1419 postquam
1558 1370 1775 1416 infuerunt,
1805 1370 1874 1406 sed

561 1437 785 1477 repugnant
838 1428 1029 1465 subiectis
1081 1427 1174 1475 suis,
1239 1430 1348 1477 quod
1400 1429 1571 1476 perdant
1622 1427 1755 1476 prima
1806 1436 1874 1464 aut
1890 1440 1932 1462 20

561 1486 776 1535 adquirant
791 1488 980 1533 secunda,
997 1485 1099 1523 sicut
1113 1495 1204 1523 sunt
1228 1485 1516 1535 pretericiones
1540 1494 1577 1522 et
1598 1484 1873 1531 futurieiones,

562 1554 599 1581 et
632 1544 713 1590 illa,
749 1557 826 1593 que
860 1552 1028 1592 possunt
1073 1543 1151 1580 dici
1192 1553 1347 1581 extense
1388 1545 1564 1580 secundo
1610 1544 1731 1580 modo
1771 1543 1874 1581 acci-

562 1602 724 1649 dencia3
770 1611 828 1639 est
861 1615 955 1650 ergo
989 1604 1083 1639 dare
1118 1602 1266 1651 aliqua,
1302 1614 1378 1651 que
1411 1601 1690 1650 contingenter
1721 1601 1875 1648 insunt3

561 1662 630 1697 sed
673 1660 895 1697 subiectum
940 1673 1021 1696 non
1065 1669 1197 1708 potest
1247 1660 1424 1708 incipere
1476 1660 1537 1696 vel
1589 1659 1771 1696 desinere
1817 1659 1876 1695 in-

562 1718 730 1755 formari
763 1718 854 1765 illis,
893 1727 936 1754 ut
976 1717 1174 1767 quotlibet
1214 1721 1298 1755 Deo
1331 1717 1602 1765 inexistencia,
1649 1717 1931 1754 cuiusmodi25

562 1785 654 1813 sunt
687 1776 873 1822 sciencia,
908 1776 1158 1823 ordinancia,
1192 1776 1375 1813 volencia
1409 1784 1482 1813 etc.
1523 1784 1706 1824 respectu
1739 1788 1874 1812 rerum

562 1833 889 1883 producibilium.
952 1834 1148 1871 Accidens
1200 1847 1293 1882 ergo
1339 1843 1593 1871 contractum
1639 1835 1689 1871 ad
1728 1846 1874 1870 novem

562 1904 707 1940 genera
759 1892 1025 1929 accidentalia
1072 1901 1129 1929 est
1172 1893 1302 1929 forma
1346 1891 1604 1929 accidentalis
1648 1891 1876 1928 substancie

564 1958 734 1996 extenta,
788 1959 825 1987 et
865 1949 921 1986 sic
959 1963 1042 1986 non
1090 1950 1285 1998 contingit
1329 1949 1462 1997 alicui,
1516 1951 1624 1999 quod
1656 1952 1741 1986 Deo
1773 1949 1876 1986 inest

564 2007 802 2054 formaliter,
848 2016 891 2044 ut
929 2007 1100 2045 sciencie
1134 2008 1279 2055 divine,
1327 2007 1597 2056 pretericioni,
1642 2007 1875 2044 futuricioni
1893 2011 1934 2043 30

563 2067 625 2103 vel
658 2065 776 2103 alicui
810 2065 1054 2112 huiusmodi,
1089 2067 1197 2115 quod
1219 2079 1302 2103 non
1324 2065 1590 2115 presupponit
1619 2065 1874 2103 existenciam

634 2208 676 2236 ¹9·
697 2199 791 2228 Cod..·
819 2204 890 2235 post
910 2199 1082 2227 defuerunt.
1155 2207 1199 2236 27.
1224 2200 1318 2228 Cod..·
1346 2192 1442 2228 cnctffi

633 2293 666 2324 4.
702 2284 752 2324 Cf.
780 2284 869 2325 Aug.
895 2283 946 2314 De
972 2283 1150 2323 Trinitate‚
1178 2293 1205 2315 c.
1232 2284 1308 2315 XVI
1336 2283 1474 2326 (Migne
1499 2282 1610 2315 XLII
1632 2284 1704 2315 922
1728 2283 1805 2325 squ).
1839 2283 1879 2315 Si

566 2340 654 2373 ergo
681 2339 846 2361 nummus
868 2334 986 2371 potest
1012 2330 1108 2361 nulla
1134 2329 1189 2361 sui
1215 2330 1411 2362 mutatione
1436 2330 1539 2362 toties
1566 2330 1638 2362 dici
1655 2329 1813 2370 relative,
1841 2333 1878 2360 ut

566 2386 675 2418 neque
700 2385 778 2408 cum
806 2376 929 2417 incipit
953 2375 1036 2414 dici,
1062 2385 1170 2418 neque
1187 2386 1264 2408 cum
1284 2376 1423 2414 desinit,
1443 2376 1578 2418 aliquid
1597 2375 1630 2407 in
1651 2376 1721 2408 eius
1742 2379 1877 2407 natura

566 2423 619 2454 vel
635 2423 775 2464 forma,
796 2431 864 2464 qua
892 2431 1055 2453 nummus
1081 2426 1143 2460 est,
1170 2423 1377 2454 mutationis
1395 2423 1478 2465 fiat,
1506 2426 1637 2465 quanto
1654 2421 1807 2464 facilius
1834 2421 1877 2453 de

567 2468 629 2499 illa
645 2468 926 2500 incommutabili
937 2468 1002 2499 Dei
1019 2468 1217 2499 substantia
1234 2468 1398 2500 debemus
1413 2468 1586 2510 accipere,
1606 2472 1643 2499 ut
1661 2468 1713 2500 ita
1733 2468 1879 2500 dicatur

568 2515 715 2546 relative
741 2514 876 2556 aliquid
902 2515 951 2546 ad
977 2518 1195 2555 creaturam,
1223 2519 1260 2546 ut
1286 2515 1444 2557 quamvis
1464 2514 1714 2556 temporaliter
1731 2514 1878 2555 incipiat

568 2560 648 2599 dici,
674 2570 742 2592 non
770 2565 885 2592 tamen
914 2560 983 2602 ipsi
999 2560 1199 2593 substancie
1219 2561 1285 2593 Dei
1303 2560 1471 2593 accidisse
1488 2561 1623 2603 aliquid
1641 2560 1877 2604 intelligatur,

568 2606 629 2639 sed
654 2606 703 2638 illi
727 2610 903 2645 creature,
929 2606 978 2638 ad
1004 2616 1109 2648 quam
1129 2606 1291 2638 dicitur?
1387 2617 1418 2650 9.
1447 2607 1500 2649 Cf.
1518 2607 1675 2638 Anselmi
1694 2607 1751 2638 ubi
1768 2615 1877 2649 supra

568 2651 706 2694 (Migne
735 2652 896 2691 CLVIII,
926 2662 945 2684 c
981 2651 1080 2694 178).·
1117 2652 1280 2684 Omnium
1316 2654 1442 2696 quippe
1474 2663 1563 2696 quae
1595 2652 1792 2685 accidentia
1825 2652 1877 2684 di-

569 2703 707 2737 cuntur,
742 2699 818 2731 alia
851 2709 918 2731 non
955 2699 1023 2731 nisi
1055 2709 1132 2731 cum
1160 2700 1281 2742 aliqua
1303 2699 1558 2741 participantis
1584 2699 1788 2731 variatione
1814 2699 1878 2730 ad-

569 2754 642 2777 esse
668 2749 703 2776 et
728 2745 848 2777 abesse
870 2754 975 2787 posse
994 2745 1249 2787 intelliguntur,
1270 2750 1308 2777 ut
1325 2756 1445 2778 omnes
1463 2746 1614 2783 colores;
1640 2745 1715 2776 alia
1733 2746 1878 2777 omnino

571 2791 704 2822 nullam
731 2791 788 2824 vel
818 2790 1011 2823 accidendo
1043 2793 1096 2823 vel
1130 2791 1326 2825 recedendo
1360 2793 1593 2824 mutationem
1626 2792 1723 2823 circa
1756 2791 1803 2832 id,
1835 2791 1879 2825 de

571 2847 637 2879 quo
665 2836 842 2876 dicuntur,
869 2837 1008 2880 efficere
1036 2842 1241 2876 noscuntur,
1268 2834 1306 2869 u't
1331 2838 1508 2881 quaedam
1536 2838 1737 2872 relationes,
