2056 3234
203 212 292 242 CAP·
307 214 334 241 <L
531 214 590 246 DE
617 213 739 245 ENTE
766 211 1185 244 PREDICAMENTALI.

201 334 356 370 genere,
377 319 572 368 contingit
594 332 664 368 per
686 332 726 356 se
749 318 1023 356 universalitas
1046 326 1114 353 aut
1136 316 1447 365 particularitas,
1472 325 1509 353 et

202 380 290 417 aliis
322 392 415 426 non,
450 377 556 427 quia,
590 377 621 414 si
655 379 889 414 extendatur
920 375 1143 412 universale
1176 376 1225 411 ad
1249 386 1367 411 omne
1401 387 1509 410 com-

204 450 334 484 mune,
356 436 490 473 multis
512 443 620 484 patet
642 436 750 484 quod
773 436 845 472 hec
869 432 1084 482 ampliacio
1109 441 1166 469 est
1189 441 1330 469 contra
1353 432 1508 480 regulas

201 495 439 543 logicorum,
493 506 583 530 curn
628 495 733 529 Deus
778 501 815 529 et
859 504 978 528 omne
1022 490 1224 539 singulare
1268 498 1369 526 esset
1414 498 1509 526 tunc

168 552 423 589 §formaliter
485 551 723 597 universale,
777 551 882 598 quod
929 549 960 586 si
1005 549 1238 585 extendatur
1289 549 1339 584 ad
1391 560 1510 584 omne

201 622 428 655 commune,
481 608 617 645 multis
668 608 828 644 realiter
873 606 1070 643 distinctis
1115 605 1369 651 conceditur;
1413 614 1510 641 tunc

202 671 331 705 Deum
365 676 574 716 punctum,
628 674 664 702 et
698 665 893 714 quotlibet
931 664 1027 701 talia
1064 676 1147 700 esse
1185 662 1428 700 universalia
1460 664 1511 699 ad

201 727 306 762 hunc
338 738 518 770 sensum,
572 725 640 760 sed
678 723 734 760 sic
773 722 1005 771 ampliando
1045 730 1249 770 oporteret
1290 722 1510 758 concedere

203 784 329 820 multa
362 795 446 820 esse
477 781 719 819 universalia
752 789 788 817 et
820 779 1052 828 singularia,
1098 792 1174 828 que
1205 792 1287 815 non
1318 787 1408 815 sunt
1441 791 1511 827 per

148 853 186 874 10
200 853 240 878 se
259 841 299 877 in
321 840 637 889 predicamento,
659 840 725 876 sed
741 851 812 887 per
827 838 1011 875 accidens
1035 846 1103 873 aut
1120 850 1190 885 per
1212 836 1509 883 reduccionem,

201 907 238 935 et
270 900 417 935 habent
457 910 524 934 ens
563 910 636 946 pro
676 909 748 933 suo
781 908 923 944 genere
962 896 1182 932 secundum
1217 894 1509 931 Lincoliensem

200 956 332 1005 primo
365 955 635 1005 posteriorum
669 954 846 1003 capitulo
883 954 939 990 50.
992 952 1118 989 Aliter
1155 952 1275 999 enim,
1320 961 1362 988 ut
1401 952 1509 999 dicit,

200 1027 281 1051 non
325 1022 426 1051 esset
465 1012 729 1061 metaphisica
768 1011 942 1048 sciencia
979 1023 1085 1057 vera,
1138 1010 1213 1046 nisi
1247 1011 1410 1046 haberet
1443 1022 1510 1046 ens

200 1085 274 1120 pro
319 1085 391 1108 suo
429 1071 607 1108 subiecto
646 1070 777 1119 primo
818 1069 1048 1106 continente
1087 1068 1294 1116 quidlibet,
1350 1069 1398 1104 de
1431 1079 1510 1116 quo

148 1129 430 1167 15considerat
464 1128 763 1177 metaphisicus,
818 1136 854 1163 et
899 1126 1004 1163 idem
1050 1134 1160 1174 patet
1204 1134 1348 1174 quarto
1386 1127 1510 1161 Meta-

200 1187 351 1236 phisice
385 1191 444 1224 20.

258 1246 452 1294 Eligendo
504 1253 637 1281 autem
691 1244 738 1279 de
791 1241 1088 1290 multiplicitate
1146 1240 1301 1289 generis
1354 1241 1509 1276 detecta

201 1303 395 1351 superius,
449 1315 573 1350 genus
625 1300 801 1349 logicum
847 1308 884 1336 et
930 1299 1255 1347 metaphisicurn,
1301 1299 1409 1347 quod
1453 1306 1510 1334 est

199 1370 343 1398 natura
386 1359 621 1397 universalis
659 1359 827 1395 univoce
867 1366 903 1394 et
947 1357 1183 1406 quiditative
1227 1369 1298 1405 per
1330 1368 1369 1392 se
1402 1368 1511 1392 com-

144 1432 185 1453 20
201 1419 405 1455 municata
464 1417 599 1453 multis
661 1415 891 1464 suppositis,
955 1423 1078 1463 patet,
1142 1415 1250 1463 quod
1303 1413 1511 1450 deficiente

201 1476 319 1513 alicui
352 1488 508 1524 genere,
562 1476 669 1523 quod
714 1473 763 1510 sit
806 1485 877 1521 per
915 1485 955 1509 se
1000 1472 1168 1509 existens
1213 1472 1348 1520 aliquo
1390 1472 1510 1507 modo

199 1533 395 1583 predicto,
430 1532 563 1569 deficit
596 1544 666 1580 per
689 1544 729 1568 se
762 1530 974 1567 existencia
1007 1530 1047 1566 in
1079 1530 1149 1566 tali
1181 1542 1336 1578 genere,
1372 1538 1409 1565 et
1441 1541 1511 1576 per

201 1604 448 1640 consequens
500 1590 609 1626 nulla
653 1588 819 1637 negacio
865 1596 901 1624 et
945 1587 1138 1636 privacio,
1192 1600 1282 1624 cum
1334 1599 1416 1623 non
1460 1586 1510 1622 sit

199 1659 344 1686 natura
387 1648 572 1697 positiva,
627 1656 684 1683 est
728 1659 797 1695 per
841 1658 881 1682 se
925 1645 965 1681 in
1008 1658 1162 1693 genere,
1209 1654 1246 1682 et
1289 1657 1360 1693 per
1404 1644 1510 1680 idem

144 1706 399 1756 25principia
451 1718 598 1751 rerum,
659 1712 702 1740 ut
753 1713 887 1752 partes
940 1703 1184 1752 qualitative,
1248 1701 1510 1751 quantitative

201 1764 377 1801 minores
420 1776 589 1800 numero
633 1761 820 1808 naturali,
871 1774 951 1797 non
990 1770 1081 1797 sunt
1126 1773 1196 1809 per
1233 1773 1286 1807 se,
1340 1761 1408 1797 sed
1441 1771 1512 1807 per

201 1822 484 1859 reduccionem
529 1821 569 1857 in
613 1832 770 1868 genere,
822 1828 865 1855 ut
926 1819 1069 1865 forma,
1123 1818 1293 1855 materia
1344 1826 1381 1854 et
1433 1817 1511 1853 alia

201 1879 457 1917 indivisibilia
495 1878 713 1927 principia3
757 1876 1056 1924 [substanciam]
1101 1889 1189 1913 cum
1224 1888 1317 1924 ergo
1349 1888 1430 1912 non
1462 1874 1513 1911 sit

202 1939 296 1974 dare
329 1950 399 1986 per
430 1950 471 1974 se
503 1949 624 1984 genus
657 1934 795 1983 puncti
826 1935 886 1971 vel
910 1934 1074 1971 alterius
1098 1943 1205 1971 extra
1228 1946 1364 1982 genus,
1388 1941 1510 1981 patet,

145 1999 186 2032 30
202 1997 311 2044 quod
343 2008 424 2032 non
456 2003 547 2031 sunt
580 2006 650 2042 per
682 2005 721 2029 se
754 1993 794 2029 in
826 2005 980 2040 genere.
1044 1995 1144 2028 Nam
1182 1990 1422 2028 indivisibile
1455 1998 1512 2026 est

201 2053 347 2101 passio,
382 2052 588 2100 analogice
612 2051 845 2099 contingens
868 2052 966 2096 Deo,
999 2050 1156 2097 unitati,
1181 2050 1337 2098 angelo,
1361 2057 1510 2097 puncto

202 2119 239 2147 et
272 2110 448 2147 instanti.
511 2112 599 2146 Non
638 2121 730 2157 ergo
771 2117 828 2145 est
866 2107 1107 2144 indivisibile
1150 2120 1271 2156 genus
1304 2106 1394 2153 illis,
1439 2118 1511 2142 nec

202 2181 273 2217 per
305 2168 409 2205 idem
457 2167 611 2216 aliquid
645 2166 753 2203 aliud
785 2167 1022 2212 notandum,
1069 2178 1159 2201 curn
1196 2165 1287 2202 talis
1326 2163 1512 2211 analogia

202 2226 373 2263 excludit
405 2226 609 2263 racionem
644 2224 817 2273 generis,
869 2236 975 2271 ymo,
1016 2222 1047 2259 si
1088 2223 1252 2272 aliquod
1278 2223 1370 2259 ‘tale
1410 2229 1511 2258 esset

274 2367 294 2387 1.
315 2359 510 2393 universitas]
531 2357 616 2386 cod.:
636 2349 759 2385 (ffu'ftstfl.
832 2364 876 2392 27.
899 2356 1109 2384 substanciam
1130 2356 1308 2383 eiciendum.

280 2465 327 2488 11.
368 2456 422 2498 Cf.
455 2454 711 2486 Commentaria
736 2453 876 2485 Roberti
904 2452 1155 2484 Lincolniensis
1188 2452 1221 2482 in
1246 2451 1352 2482 libros
1379 2450 1510 2482 Poster.

203 2501 353 2541 Aristot.,
373 2511 447 2543 cap.
467 2500 483 2532 5
512 2501 594 2542 (Ed.
618 2500 747 2542 Vems.
767 2500 824 2541 5):
851 2499 1038 2532 Sciendum
1067 2503 1118 2531 est
1143 2502 1273 2537 autem,
1292 2497 1385 2540 quod
1407 2507 1512 2539 super

204 2548 402 2580 universale
433 2548 637 2589 ambiguum
672 2546 822 2588 erigitur
854 2545 1133 2584 demonstratio;
1169 2544 1260 2585 quod
1291 2543 1431 2586 patebit
1463 2553 1511 2575 ex

204 2594 287 2635 ipsis
313 2594 426 2626 verbis
451 2593 652 2625 Aristotelis
679 2592 842 2635 inferius;
873 2596 911 2623 et
945 2591 1029 2623 nisi
1058 2591 1135 2623 hoc
1169 2594 1280 2623 esset
1305 2599 1396 2629 ens,
1430 2599 1510 2620 non

204 2645 314 2672 esset
340 2640 578 2672 subiectum
607 2639 898 2681 metaplzisz'ce.
1023 2646 1071 2669 12
1090 2637 1191 2668 Arist
1210 2636 1290 2667 Met
1305 2636 1358 2675 HI,
1375 2645 1404 2675 2,
1418 2635 1509 2676 4(In

204 2685 283 2718 edd.
301 2691 374 2717 ant.
390 2685 492 2724 IV2‚
510 2686 561 2718 ed.
578 2685 661 2716 Par.
681 2685 751 2717 II
735 2687 817 2739 ‘'stOO
838 2685 888 2714 34
905 2683 984 2724 ss..·)
1009 2682 1219 2735 Πανταχοῦ
1228 2679 1266 2712 δὲ
1290 2680 1423 2733 κυρίως
1448 2683 1511 2712 τοῦ

202 2730 350 2772 πρώτου
369 2729 390 2773 ἡ
408 2727 596 2785 ἐπιστήμη,
614 2728 674 2762 καὶ
691 2726 729 2769 ἐξ
745 2725 789 2762 οὗ
808 2727 852 2761 τὰ
870 2727 957 2761 ἄλλα
974 2727 1139 2770 ἤρτηται,
1165 2725 1224 2759 καὶ
1243 2723 1306 2758 δί
1298 2723 1316 2758 ὁ
1335 2725 1509 2768 λέγονται.

202 2774 249 2809 Εἰ
273 2779 338 2810 οὐν
367 2776 463 2809 τουτ’
488 2773 584 2809 ἐστὶν
614 2773 635 2819 ἡ
661 2774 778 2818 οὐσία,
802 2778 876 2808 τῶν
901 2773 1036 2808 οὐσιῶν
1060 2772 1106 2806 ἂν
1130 2772 1207 2806 δέοι
1231 2771 1295 2811 τὰς
1319 2770 1430 2816 ἀρχὰς
1452 2770 1513 2805 καὶ

203 2821 268 2862 τὰς
292 2820 411 2861 αἰτίας
435 2821 527 2867 ἐχειν
552 2823 615 2856 τὸν
641 2820 854 2865 φιλόσοφον.

1751 203 1793 239 13

1542 1245 1591 1274 No
1612 1247 1733 1282 negatio
1753 1255 1789 1274 or

1537 1282 1668 1317 privatio
1688 1282 1788 1309 forms

1531 1325 1547 1344 a
1566 1324 1662 1351 genus
1682 1324 1736 1352 per
1756 1325 1798 1344 se.
