2056 3234
235 188 311 213 202
977 184 1201 216 JOHANNIS
1228 183 1396 214 WICLIF
1650 179 1738 207 CAP.
1759 180 1837 207 XXI.

292 301 442 327 Answer:
580 292 628 326 Et
661 291 768 338 quod
802 289 1096 338 consequencia
1128 289 1178 326 sit
1210 291 1316 326 bona
1349 298 1458 337 patet
1491 301 1534 325 ex
1567 288 1703 325 dictis:
1737 290 1837 325 Nam

266 333 467 404 Ῑῐξιῗὲἳῇἶᾞζζ
522 348 554 384 si
587 356 746 396 tempus
780 347 958 395 adquirit
982 347 1057 384 sibi
1081 349 1215 384 datam
1242 356 1412 396 partem,
1437 356 1592 383 tantum
1617 359 1839 395 presuppo-

259 403 478 466 ῧθῗὲξξεῗῑὲῐξῖὸ
522 405 631 442 nitur
662 405 899 442 naturaliter
938 413 1030 442 ante
1069 405 1388 454 adquisicionern
1429 405 1518 442 talis
1558 404 1702 453 partis3
1745 417 1839 440 con-

254 448 485 510 imppossi'bility.
522 475 692 512 sequens
743 462 1009 511 impossibile,
1059 463 1152 512 quia
1199 476 1270 512 per
1315 463 1422 499 idem
1470 470 1839 511 presupponeretur

523 520 710 557 omnibus
743 520 823 557 suis
855 521 1038 569 partibus
1072 530 1109 558 et
1142 521 1331 558 continue
1362 533 1434 570 per
1454 529 1583 558 totum
1607 520 1872 569 adquireret5

523 588 561 616 et
593 591 664 626 per
694 587 825 615 totum
861 580 1098 627 deperderet
1131 579 1399 628 quantitatem
1435 588 1472 615 et
1506 587 1650 615 cetera.

299 647 438 686 Another
581 639 680 673 Item
729 645 862 673 motus
911 645 948 673 et
995 637 1073 674 alia
1120 637 1344 674 successiva
1390 645 1558 685 possunt
1601 637 1755 673 intendi
1801 645 1838 674 et

236 683 502 752 Mossibgfflcffilnjbe
524 694 686 740 remitti,
722 703 759 731 et
791 707 862 743 per
895 707 1144 744 consequens
1177 695 1334 743 longari
1363 704 1400 732 et
1433 694 1617 742 breviari,
1652 708 1745 744 ergo
1769 707 1840 743 per

237 753 455 814 sl1ci19t¹iziiegsoi1t
474 785 501 812 is
523 752 629 789 idem
662 761 835 800 tempus'

256 830 344 860 ⁴more
364 829 399 847 οι·
419 821 478 847 less
580 811 832 847 Antecedens
877 812 1084 859 probatur.
1132 811 1267 847 Primo
1313 824 1383 859 per
1428 812 1517 857 hoc,
1564 812 1673 859 quod
1721 811 1898 848 multi1o

255 855 483 918 'thpssfmvglssy
523 876 657 905 motus
701 877 870 916 possunt
915 881 998 905 esse
1043 868 1250 905 difformes
1289 883 1368 918 quo
1407 870 1458 905 ad
1497 878 1656 917 tempus
1696 878 1732 905 et
1770 881 1840 917 per

231 924 773 996 {htfflistilssyssgytffiffconsequens
819 927 984 963 mobilia
1028 936 1196 975 possunt
1239 940 1345 964 nunc
1393 928 1601 964 intendere
1649 936 1686 963 et
1733 940 1839 964 nunc

260 996 364 1034 differs
384 1003 414 1022 m
434 999 473 1021 ns
522 983 726 1020 remittere
759 993 894 1021 motus
927 997 1031 1021 suos.
1066 987 1157 1021 Non
1181 985 1287 1021 enim
1312 994 1368 1022 est
1391 985 1515 1032 racio,
1550 998 1674 1034 quare
1708 994 1839 1021 motus

281 1031 459 1092 1Ὂῖῗὲιὲξῦῑο
523 1051 580 1078 est
603 1041 659 1078 ita
681 1042 876 1090 intensus,
910 1042 1012 1079 sicut
1036 1043 1172 1091 aliqua
1196 1043 1280 1079 eius
1304 1056 1395 1092 pars
1420 1056 1499 1092 quo
1523 1045 1573 1080 ad
1596 1042 1837 1089 subiectum,

522 1099 620 1148 quin
652 1112 724 1148 per
755 1099 861 1137 idem
896 1110 954 1137 est
986 1101 1165 1138 intensus
1198 1101 1300 1137 sicut
1333 1102 1468 1150 aliqua
1509 1101 1593 1138 eius
1632 1114 1724 1149 pars
1758 1114 1838 1149 quo
1859 1105 1898 1139 15

522 1159 572 1194 ad
604 1167 775 1206 tempus.
821 1158 948 1195 Aliter
987 1159 1093 1195 enim
1134 1172 1215 1195 non
1254 1168 1356 1196 esset
1395 1160 1491 1196 dare
1524 1172 1646 1208 quarn
1680 1159 1838 1196 intenso

522 1224 634 1252 motu
669 1225 854 1254 movetur
887 1226 1043 1253 motum
1077 1217 1318 1254 diffo‘rmiter
1350 1231 1430 1266 quo
1463 1219 1513 1254 ad
1547 1227 1719 1265 tempus.

243 1273 487 1344 2-an033issngaS
582 1275 767 1311 Secundo
806 1274 875 1311 sic.
922 1275 962 1311 Si
1005 1284 1136 1311 motus
1176 1275 1371 1312 difformis
1410 1275 1458 1312 sit
1502 1275 1692 1313 continue
1737 1287 1838 1324 eque

246 1343 391 1379 intensity
412 1342 489 1369 orit
519 1332 645 1379 velox,
692 1332 971 1370 denominabit
1014 1333 1238 1370 subiectum
1282 1333 1471 1370 continue
1510 1346 1611 1382 eque
1650 1332 1839 1370 velociter

262 1378 476 1440 wquxlltiistbgtas
523 1390 684 1436 moveri,
710 1391 803 1440 quia
822 1400 955 1427 *omne
988 1391 1173 1428 accidens
1205 1405 1286 1428 non
1319 1393 1469 1428 habens
1502 1391 1835 1440 impedimentum
1854 1406 1897 1428 20

251 1448 483 1510 stifftsstissgijlsstsst
522 1448 755 1485 denominat
799 1449 1026 1486 subiectum
1072 1451 1293 1487 secundum
1337 1450 1525 1486 ultimum
1570 1449 1631 1486 sui
1675 1451 1836 1497 gradus.

249 1518 327 1557 (The
348 1503 486 1556 refflyto.
521 1508 611 1542 Non
644 1506 750 1543 enim
784 1516 842 1544 est
875 1507 1039 1556 aliquod
1073 1517 1227 1544 motum
1267 1520 1351 1544 esse
1389 1508 1591 1545 intensum
1633 1509 1704 1544 sub
1744 1508 1837 1544 dato

231 1553 506 1622 ξτιζξζδῗῃῦέρῇξιῗῗὸιζ
520 1565 659 1612 g1·adU‚
693 1565 768 1602 nisi
803 1566 950 1602 mobile
982 1565 1038 1602 sic
1070 1565 1261 1602 velociter
1293 1559 1461 1613 moveri,
1496 1575 1533 1603 et
1564 1565 1838 1613 sicincipiens

522 1622 673 1659 moveri
713 1636 735 1660 a
775 1636 855 1660 non
889 1625 1014 1672 gradu
1049 1624 1252 1660 infinitum
1287 1623 1498 1661 intendens
1531 1633 1686 1661 motum
1720 1636 1836 1660 suum

520 1680 717 1728 inciperet
750 1682 903 1718 moveri
944 1691 1024 1718 tam
1066 1681 1223 1719 intenso
1262 1683 1389 1730 gradu
1430 1691 1577 1729 motus,
1618 1694 1739 1731 quam
1780 1681 1838 1717 in·
1854 1685 1894 1717 25

519 1747 653 1775 tensus
697 1739 841 1788 incipit
884 1752 968 1776 esse
1013 1740 1103 1776 talis
1149 1749 1294 1777 motus.
1352 1742 1442 1777 Non
1488 1740 1591 1777 enim
1640 1749 1697 1777 est
1742 1741 1838 1776 dare

519 1798 667 1844 gradus
699 1797 973 1834 instantaneos
1006 1807 1203 1844 motuum,
1239 1811 1329 1834 cum
1363 1798 1494 1835 omnis
1526 1799 1673 1847 gradus
1706 1806 1837 1834 motus

520 1855 569 1890 sit
603 1855 751 1892 mobile
785 1864 891 1893 certe
923 1856 978 1893 sic
1011 1856 1199 1894 velociter
1233 1856 1412 1902 moveri,-
1434 1859 1542 1905 quod
1581 1869 1663 1893 non
1704 1864 1835 1904 potest

520 1912 659 1960 perfici
692 1913 731 1950 in
765 1913 929 1951 instanti
964 1916 1078 1961 dat03
1113 1927 1207 1963 ergo
1241 1916 1317 1951 hoc
1350 1923 1475 1963 patet,
1499 1916 1609 1963 quod
1642 1923 1838 1962 repugnat

522 1970 675 2019 aliquid
719 1971 896 2020 incipere
940 1972 1143 2010 infinitum
1189 1974 1301 2009 tarde
1342 1972 1494 2009 moveri
1532 1973 1594 2009 vel
1633 1972 1834 2009 infinitum
1853 1977 1894 2009 30

520 2028 723 2076 velociter,
758 2030 787 2066 si
822 2030 957 2067 totalis
991 2040 1124 2067 motus
1158 2031 1231 2067 erit
1265 2039 1370 2068 certe
1403 2031 1514 2067 velox
1547 2039 1621 2067 etc.

594 2618 647 2651 31.
669 2617 859 2650 Excidisse
880 2621 1021 2660 partem
1050 2619 1230 2657 quandam
1258 2622 1379 2650 textus
1404 2618 1458 2649 vel
1484 2617 1563 2649 ideo
1589 2621 1751 2658 apertum
1772 2621 1834 2656 est,

523 2664 617 2704 quod
643 2664 753 2695 totius
778 2663 977 2696 sentent-iae
1004 2664 1084 2695 inde
1109 2675 1130 2695 α
1159 2665 1292 2696 verbis:
1324 2664 1409 2695 Item
1437 2670 1552 2694 motus
1580 2669 1612 2694 et
1638 2663 1704 2694 alia
1730 2667 1834 2704 etqsq.

523 2721 570 2741 ex
608 2710 902 2742 adversariorum
938 2710 1078 2742 ratione
1106 2711 1277 2751 prolatae
1310 2711 1492 2752 refutatio,
1526 2719 1548 2740 a
1581 2710 1728 2749 W'iclifio
1762 2710 1836 2741 sine

523 2756 627 2788 dubio
666 2756 818 2794 adiecta,
856 2757 889 2788 in
930 2757 993 2788 lzoc
1030 2758 1235 2798 exemplari
1272 2767 1378 2788 manu
1416 2757 1561 2797 scripto,
1597 2756 1688 2795 quod
1726 2766 1831 2786 unum
1872 2790 1874 2795 X

524 2807 677 2834 aetatem
705 2803 795 2840 tulit,
822 2812 890 2834 non
915 2803 1057 2844 legitur.
