2056 3234
235 175 313 223 278

252 299 302 327 [V.
323 298 389 325 The
411 296 489 333 Holy

321 332 418 367 Spirit

278 366 464 401 necessarily

295 402 447 438 produces

292 437 448 473 eternally.

253 706 275 733 Ι.
298 703 486 734 Conclusion

235 746 267 768 to
281 741 331 768 the
344 740 381 767 II.
395 738 509 766 article.

266 776 332 803 The
352 773 484 801 sensible

260 810 357 837 world
379 812 491 836 cannot

252 845 329 872 exist
349 845 452 872 unless
472 843 494 870 it

243 880 269 908 is
290 879 446 907 makeable
468 878 504 914 by

335 914 415 943 God.

279 1577 475 1606 Corollaries.

282 1614 305 1641 Ι.
325 1613 407 1640 Thai
428 1612 478 1639 the

307 1648 405 1675 world
429 1647 454 1674 is

274 1683 431 1710 makeable
453 1682 490 1717 by

245 1718 314 1745 God
336 1718 361 1745 is
384 1717 468 1752 prior
488 1720 519 1743 to

270 1754 309 1781 its
330 1752 495 1780 existence.

262 1988 297 2015 ΙΙ.
318 1985 386 2013 The
405 1983 502 2011 world

295 2025 377 2048 must
397 2020 473 2046 have

286 2056 360 2083 been
382 2054 481 2081 made.

258 2392 294 2420 11.
317 2390 517 2419 Conclusion.

282 2426 349 2454 The
370 2425 501 2453 sensible

274 2461 372 2488 world
393 2463 505 2487 cannot

286 2497 320 2524 be
341 2495 497 2531 produced

264 2532 301 2567 by
323 2531 393 2558 God
415 2534 521 2565 except

290 2568 327 2603 by
347 2566 493 2593 creation.

997 178 1165 211 Johannis
1191 178 1312 210 Wiclif
1609 174 1734 210 Quaest.
1749 173 1832 202 VIII.

580 288 882 324 CORROLARIUM
902 292 1045 321 ALIUD:
1085 284 1255 333 Spiritus
1288 292 1448 321 sanetus
1480 283 1705 321 necessario
1733 292 1832 320 eter-

521 344 666 381 naliter
697 344 896 393 producit,
930 344 1024 392 quia
1055 352 1139 380 tota
1170 342 1326 379 trinitas
1349 342 1573 379 necessario
1607 341 1833 378 eternaliter

521 402 715 451 puoducit
748 404 943 439 mundum
976 402 1173 450 pulcrum,
1214 413 1334 449 quem
1374 400 1457 449 ipse
1489 400 1666 449 pulcrius
1701 408 1833 437 mente

522 468 633 509 gerit.

583 693 799 738 QUANTUM
824 697 881 726 AD
908 696 1136 726 SECUNDUM
1161 694 1405 725 ARTICULUM
1430 695 1669 725 CONCLUSIO
1696 690 1870 725 PR1MA25

525 751 698 787 Mundus
738 748 933 786 sensibilis
971 761 1053 785 non
1084 757 1214 797 potest
1249 748 1426 795 existere,
1465 747 1539 784 nisi
1572 747 1621 785 sit
1652 747 1837 785 factibilis

526 822 545 846 a
571 811 666 845 Deo.
697 808 906 853 Probatur,
930 807 1022 856 quia
1048 808 1241 843 mundum
1265 806 1492 843 sensibilem
1516 818 1599 843 esse
1621 806 1837 843 factibilem

526 880 548 904 a
571 869 654 903 Deo
679 874 736 902 est
758 865 939 902 absolute
961 865 1241 902 necessarium.
1268 864 1390 913 Igitur
1410 877 1491 901 non
1513 873 1644 913 potest
1662 864 1838 910 existere,

526 924 600 961 nisi
633 924 682 960 sit
704 923 891 960 factibilis
915 936 937 959 a
960 925 1043 959 Deo
1068 925 1238 959 mundus
1262 923 1326 959 ille
1350 922 1559 959 sensibilis.
1591 923 1840 959 Antecedens

526 984 732 1031 probatur,
772 981 866 1030 quia
905 981 1086 1029 sequitur
1125 982 1298 1017 mundus
1337 980 1533 1017 sensibilis
1571 989 1628 1017 est
1659 981 1787 1018 faetus
1819 990 1899 1016 alo

528 1043 624 1086 Deo,
658 1040 780 1088 igitur
813 1040 985 1075 mundus
1018 1039 1214 1076 sensibilis
1252 1048 1383 1087 potest
1422 1038 1506 1075 fieri
1546 1051 1568 1075 a
1601 1041 1698 1075 Deo.
1739 1039 1842 1075 Con-

528 1098 742 1147 sequencia
764 1105 873 1144 nota,
898 1106 935 1133 et
957 1099 1197 1134 antecedens
1212 1109 1362 1143 verum,
1386 1105 1429 1134 ut
1450 1105 1559 1145 patet
1576 1098 1672 1134 Gen.
1696 1096 1841 1145 primO.

529 1157 652 1205 Igitur
696 1168 944 1204 consequens
988 1164 1082 1192 tunc
1127 1155 1199 1193 sic:
1253 1156 1424 1191 mundus
1471 1154 1668 1192 sensibilis
1712 1161 1843 1203 potest

530 1214 615 1251 fieri
637 1227 659 1250 a
684 1216 786 1260 Deo3
820 1214 941 1262 igitur
963 1215 1135 1250 mundus
1159 1213 1355 1250 sensibilis
1388 1222 1445 1250 est
1475 1213 1661 1250 factibilis
1695 1226 1717 1249 a
1739 1215 1843 1259 De0;

530 1272 823 1321 consequencia
877 1280 933 1308 est
977 1280 1085 1318 nota,
1137 1280 1173 1308 et
1217 1272 1455 1308 antecedens
1504 1280 1561 1307 est
1610 1270 1845 1319 simpliciter
1864 1271 1900 1304 15

529 1331 813 1377 necessarium,
855 1343 944 1367 cum
984 1329 1114 1366 omnis
1146 1329 1375 1378 proposicio
1410 1342 1501 1366 vera
1539 1330 1586 1365 de
1630 1337 1721 1378 post
1763 1340 1844 1365 non

531 1389 713 1425 restricto
752 1388 930 1426 subiecto
967 1389 1028 1425 vel
1066 1388 1272 1437 predicato
1312 1396 1369 1424 est
1401 1387 1636 1436 simpliciter
1666 1398 1845 1433 necesse3

532 1456 823 1495 consequenter
855 1454 912 1484 est
945 1445 1026 1483 hic:
1066 1446 1186 1494 igitur
1224 1445 1379 1494 questio
1418 1454 1476 1482 est
1514 1444 1748 1494 simpliciter
1780 1456 1846 1481 ne-

532 1505 716 1542 cessaria.
750 1505 874 1553 Igitur
897 1533 904 1540 .
933 1533 940 1540 .
965 1533 972 1542 .

591 1564 893 1600 CORROLARIUM
919 1568 1091 1597 PRIMUM:
1130 1563 1325 1598 Mundum
1358 1561 1585 1598 sensibilem
1619 1573 1703 1597 esse
1734 1559 1846 1597 facti-
1864 1572 1906 1594 20

534 1621 652 1658 bilem
694 1634 715 1657 a
754 1623 838 1656 Deo
878 1629 935 1656 est
973 1619 1083 1668 prius
1122 1621 1342 1656 secundum
1381 1628 1567 1656 naturam
1605 1619 1665 1656 vel
1710 1630 1846 1656 conse-

535 1679 762 1728 quenciarn,
809 1691 929 1726 quarn
976 1679 1171 1714 mundum
1216 1677 1443 1714 sensibilem
1490 1677 1668 1714 existere.
1720 1678 1845 1723 Patet,

535 1737 630 1786 quia
662 1736 860 1785 sequitur:
896 1737 1068 1772 mundus
1101 1735 1298 1772 sensibilis
1331 1735 1478 1782 existit3
1517 1735 1638 1784 igitur
1676 1735 1848 1771 mundus

534 1795 729 1832 sensibilis
753 1803 811 1831 est
833 1794 1020 1831 factibilis
1044 1807 1065 1830 a
1085 1796 1181 1840 Deo,
1207 1807 1297 1830 cum
1320 1793 1556 1842 simpliciter
1578 1793 1848 1830 necessarium

534 1853 713 1901 sequitur
744 1854 794 1889 ad
827 1854 1124 1901 quodcumque,
1165 1860 1201 1888 et
1233 1865 1313 1888 non
1346 1851 1526 1899 sequitur
1563 1860 1726 1888 econtra
1759 1863 1847 1888 cum
1866 1852 1906 1885 25

536 1912 731 1948 mundum
766 1910 930 1947 existere
964 1910 1012 1946 sit
1046 1922 1307 1958 consequens.
1342 1910 1465 1958 Igitur
1489 1941 1496 1946 .
1523 1939 1530 1946 .
1557 1939 1564 1946 .

595 1970 898 2006 CORROLARIUM
925 1974 1166 2004 SECUNDUM:
1201 1969 1372 2004 Mundus
1400 1967 1596 2004 sensibilis
1618 1980 1699 2004 non
1720 1975 1852 2016 potest

537 2027 705 2064 transire
746 2028 792 2063 de
832 2026 1017 2075 potencia
1057 2026 1248 2063 existendi
1287 2026 1327 2062 in
1359 2035 1492 2063 actum
1533 2025 1736 2071 existendi,
1775 2024 1852 2061 nisi

537 2098 607 2134 per
646 2085 889 2131 faccionern3
933 2086 1138 2133 probatur,
1185 2084 1279 2132 quia
1317 2097 1399 2121 non
1438 2092 1496 2120 est
1533 2083 1722 2133 possibile
1761 2095 1851 2119 eum

540 2143 715 2190 existere,
755 2142 829 2179 nisi
869 2142 918 2179 sit
956 2142 1144 2190 possibile
1183 2155 1273 2178 eum
1313 2142 1418 2188 fieri;
1458 2150 1495 2179 et
1533 2154 1623 2179 cum
1662 2140 1772 2189 prius
1804 2140 1853 2177 sit
1870 2144 1911 2177 30

538 2201 670 2250 ipsum
705 2213 787 2237 esse
820 2200 1053 2246 factibilem,
1092 2213 1212 2248 quarn
1246 2200 1329 2248 ipse
1363 2200 1502 2236 existat
1533 2202 1582 2236 ab
1615 2199 1682 2235 illo
1715 2198 1852 2247 priori,

540 2259 690 2296 seilicet
728 2259 860 2307 ipsurn
899 2258 1131 2304 factibilern,
1178 2259 1309 2295 adhuc
1347 2257 1541 2295 terminus
1579 2257 1663 2306 ipse
1696 2255 1851 2293 ‘existit'

540 2331 621 2354 non
654 2316 729 2353 nisi
765 2317 964 2353 mediante
996 2316 1176 2353 faccione
1209 2316 1347 2352 mundi
1380 2315 1576 2365 provenit.

601 2376 845 2412 CONCLUSIO
879 2381 1090 2410 SECUNDA:
1141 2376 1312 2411 Mundus
1357 2373 1553 2411 sensibilis
1600 2386 1680 2410 non
1723 2380 1855 2421 potest

542 2433 710 2482 produci
755 2433 795 2469 in
840 2432 1051 2469 existencia
1096 2446 1119 2469 a
1157 2435 1253 2478 Deo,
1299 2432 1374 2468 nisi
1413 2440 1567 2468 creetur
1612 2433 1659 2467 ab
1700 2431 1911 2467 eodemssb

544 2492 752 2537 Probatur,
786 2491 880 2539 quia
912 2504 992 2527 non
1025 2499 1155 2539 potest
1187 2490 1355 2539 produci
1382 2503 1404 2526 a
1437 2492 1520 2526 Deo
1553 2489 1592 2525 in
1631 2488 1854 2534 existencia,

544 2549 619 2586 nisi
643 2549 697 2585 sic
719 2550 965 2597 producatur
988 2549 1071 2596 ipse
1099 2548 1285 2585 factibilis
1310 2549 1356 2584 de
1379 2560 1480 2596 puro
1504 2560 1587 2584 esse
1615 2545 1856 2594 intelligibili

517 2607 585 2643 'in
618 2616 749 2643 mente
782 2606 915 2643 divina
947 2608 996 2643 ad
1029 2606 1283 2643 existenciam
1317 2605 1390 2653 sui,
1429 2614 1472 2642 ut
1503 2614 1613 2653 patet
1645 2617 1688 2640 ex
1726 2603 1854 2650 dictis,

546 2674 582 2702 et
615 2665 709 2713 quia
740 2664 958 2713 produecio
990 2664 1176 2701 factibilis
1215 2665 1262 2700 de
1294 2676 1395 2712 puro
1429 2675 1511 2700 esse
1544 2661 1782 2710 intelligibili
1814 2661 1855 2697 in

618 2811 657 2838 10.
680 2811 715 2837 de
736 2810 816 2845 post]
839 2811 926 2837 coast.-
945 2801 1027 2845 defit.
1101 2808 1143 2836 33.
1171 2809 1321 2845 provenit]
1343 2808 1427 2836 cod:
1450 2810 1532 2847 Eve2.
