2056 3234
201 197 290 224 CAP-
312 198 361 225 III·
520 201 578 232 DE
605 200 727 231 ENTE
755 200 1174 232 PREDICAMENTALI.
1750 206 1800 241 29

201 306 373 354 speciem
399 314 435 342 et
459 306 576 342 aliam
602 305 777 342 eiusdem
803 306 968 353 generis.
1003 308 1050 342 Et
1075 318 1117 342 ex
1150 306 1224 342 isto
1248 315 1368 354 patet,
1403 308 1509 354 quod
1542 313 1642 341 There
1662 316 1773 355 can-be

199 377 279 400 non
317 363 515 412 sequitur:
562 363 800 399 Substancia
843 363 1079 410 incorporea
1120 373 1175 399 est
1215 364 1323 411 prius
1368 373 1510 400 natura
1533 356 1571 376 ¹¹⁰
1591 357 1791 420 ssssQssss-ssson

199 421 439 467 substancia,
479 434 599 469 quam
634 422 753 457 homo
788 429 844 457 est
877 421 1118 466 substancia,
1160 433 1251 468 ergo
1285 421 1512 457 substancia
1591 419 1739 485 {Pssgkirqgf

198 479 434 526 incorporea
474 487 530 514 est
569 478 695 525 magis
736 478 977 524 substancia,
1018 491 1138 526 quarn
1169 479 1288 515 homo
1329 487 1385 514 est
1423 480 1513 514 sub·
1562 460 1769 522 coriipafiacio)

166 536 362 572 §stancia
410 535 661 572 Prioritatem
708 535 812 571 enim
858 545 1012 581 nature,
1060 535 1161 572 sicut
1207 545 1242 572 et
1288 536 1512 572 essencialis
1558 521 1772 590 ιξὲζζῗξξξῃῃξ

200 593 403 630 maioritas
427 593 686 640 perfeccionis
706 593 799 629 dicit
824 593 1091 629 maioritatem
1116 593 1290 630 entitatis
1314 594 1381 639 sic,
1407 595 1513 642 quod
1528 590 1673 652 tffi‘gtahssz
1686 591 1801 653 Weiffig

198 650 558 699 proporcionaliter
600 659 643 686 ut
688 650 838 699 aliquid
884 660 941 687 est
992 650 1145 699 reliquo
1190 651 1409 699 perfeccius
1456 660 1512 687 est
1539 634 1800 687 thereforegnon'e'

199 708 329 756 ipsum
370 708 496 756 magis
535 721 614 753 ens,
660 708 727 754 ita,
767 709 874 757 quod
919 720 1073 744 summe
1119 721 1187 744 ens
1227 718 1283 745 est
1316 711 1434 755 Deus,
1476 717 1512 745 et
1595 694 1735 764 ξὲξ-ἓὲξέᾓ

199 765 394 813 gradatim
425 765 516 812 alia,
550 774 592 801 ut
615 775 706 802 sunt
738 765 824 813 ipso
847 766 935 813 plus
968 774 1036 802 aut
1059 765 1190 802 minus
1223 766 1512 814 participancia
1528 763 1800 826 ³g¹nbcftffi¹ggsffi¹gffil

147 838 253 858 10—
276 826 380 859 Deus
402 823 519 869 enim,
543 832 585 859 ut
609 823 808 871 copiosius
832 823 892 859 vel
911 823 1040 859 minus
1057 824 1217 871 copiose
1241 824 1513 860 communicat
1528 807 1801 866 substanceffood).

199 881 419 917 bonitatem
453 894 565 917 suam
590 880 793 927 creaturis,
828 880 973 928 quibus
997 881 1186 928 illabitur,
1219 882 1313 918 facit
1336 895 1400 918 eas
1424 895 1514 929 pro—

198 938 523 986 porcionabiliter
568 938 694 986 magis
739 947 776 974 et
821 938 951 974 minus
1002 948 1123 975 enteS.
1177 942 1261 987 Ipse
1306 939 1410 976 enim
1458 948 1514 975 est

201 1005 371 1032 metrum
405 995 505 1042 aliis,
538 1004 581 1032 ut
614 996 703 1042 sint,
739 1005 775 1032 et
807 1005 849 1032 ut
882 1005 991 1032 tante
1024 996 1113 1032 sint.

255 1053 423 1090 Videtur
462 1062 597 1090 tamen
630 1055 832 1102 quoddam
873 1054 996 1102 loycis
1036 1054 1360 1102 calumpniabile,
1406 1056 1513 1103 quod
1531 1061 1803 1101 Doubtffivhether

147 1114 273 1158 15res,
320 1120 363 1147 ut
407 1120 497 1147 sunt
530 1114 614 1147 Deo
660 1111 889 1159 propriores
929 1112 969 1148 in
1008 1112 1211 1148 essenciali
1250 1097 1801 1167 perfeccione,{tss'ffl'}¹ffnfflgss³

200 1178 291 1205 sunt
330 1169 455 1217 magis
489 1178 610 1214 entes,
653 1178 702 1216 et,
742 1178 785 1205 ut
823 1178 914 1205 sunt
944 1169 1219 1219 distanciores,
1253 1179 1344 1206 sunt
1384 1170 1514 1206 minus
1529 1167 1801 1228 Ιξῐῖἓζιξὴὲςξέῐξὲῖῖ

202 1235 323 1263 entes„
364 1229 463 1263 Nam
499 1227 675 1275 quelibet
713 1235 896 1263 creatura
935 1236 1093 1264 creatur
1131 1227 1331 1264 infinitum
1368 1228 1514 1264 distare
1556 1223 1724 1270 perfectidn
1745 1241 1775 1263 to

202 1297 223 1321 a
252 1287 336 1321 Deo
369 1297 448 1333 quo
482 1286 531 1320 ad
564 1284 855 1332 perfeccionem
890 1285 1160 1331 essencialem,
1202 1298 1292 1321 cum
1327 1287 1432 1321 Deus
1465 1285 1515 1323 sit
1628 1270 1709 1297 God.

201 1342 377 1391 qualibet
410 1351 592 1378 creatura
624 1342 825 1378 infinitum
858 1342 1093 1390 perfeccior;
1127 1352 1235 1379 tante
1268 1342 1373 1379 enim
1408 1346 1515 1380 Deus

144 1413 185 1434 20
202 1400 321 1436 distat
366 1413 388 1436 a
436 1400 613 1448 qualibet
667 1408 852 1436 creatura
898 1400 938 1436 in
987 1400 1240 1449 perfeccione
1292 1401 1511 1446 essenciali,

203 1467 350 1506 quante
373 1457 552 1504 distaret,
586 1458 617 1493 si
646 1457 847 1494 infinitum
881 1471 1026 1506 magna
1054 1458 1225 1494 latitudo
1248 1458 1512 1506 perfeccionis

68 1519 105 1550 F.
126 1518 186 1561 196
203 1515 470 1552 essencialiter
493 1523 593 1551 esset
616 1514 800 1552 intercise
815 1516 842 1564 †
859 1512 862 1568 1
882 1525 1078 1563 creatura,
1103 1517 1171 1552 sed
1194 1524 1289 1552 tunc
1312 1516 1511 1552 infinitum

203 1573 388 1619 distaret;
429 1585 521 1620 ergo
555 1574 690 1619 modo,
724 1582 767 1609 ut
800 1573 898 1609 dicit
929 1573 1174 1621 Augustinus
1200 1603 1511 1611 ..........

261 1633 341 1668 Nec
380 1630 564 1678 proxima
601 1643 662 1667 res
696 1633 780 1667 Deo
820 1630 985 1667 distaret
1026 1633 1073 1667 ab
1109 1644 1155 1668 eo
1188 1631 1228 1667 in
1260 1632 1512 1680 perfeccione

146 1688 423 1734 25esse11ciali‚
464 1690 531 1725 sed
571 1690 709 1724 eadem
749 1701 810 1725 res
849 1702 1018 1725 numero
1052 1698 1185 1737 posset
1217 1702 1322 1726 nunc
1355 1690 1443 1737 plus
1476 1699 1513 1726 et

203 1759 307 1783 nunc
357 1746 486 1782 minus
531 1745 678 1782 distare
722 1759 744 1782 a
783 1749 866 1783 Deo
914 1759 984 1795 per
1029 1747 1279 1784 creacionem
1333 1756 1401 1783 aut
1445 1760 1513 1783 an-

202 1804 524 1849 nichilacionem,
577 1812 613 1839 et
658 1816 728 1852 per
775 1804 880 1840 idem
927 1817 1033 1841 nunc
1078 1814 1213 1852 posset
1256 1817 1339 1841 esse
1384 1805 1513 1842 maior

203 1861 420 1910 proporcio
460 1861 722 1909 perfeccionis
762 1861 834 1898 Dei
879 1864 928 1898 ad
977 1862 1270 1910 perfeccionem
1316 1872 1509 1909 creature,

202 1929 240 1955 et
278 1932 382 1956 nunc
416 1919 559 1962 minor,
600 1918 701 1955 sicut
734 1920 782 1955 de
814 1920 1084 1968 proporcione
1117 1919 1310 1957 distancie
1343 1921 1510 1957 situalis.

271 2073 312 2098 14.
330 2065 426 2092 Cod..·
447 2056 574 2101 q'daffm
595 2067 809 2101 quibusdam?
862 2074 904 2093 22.
921 2067 1361 2105 locus'corruptzcmfortasse
1380 2068 1460 2095 inter
1479 2076 1511 2094 se

202 2104 420 2162 {lttlffizasszurgzam
441 2101 614 2137 legendum.
736 2100 777 2128 23.
793 2104 867 2137 post
884 2103 1077 2136 Augustinus
1099 2102 1129 2128 in
1149 2102 1216 2128 cod.
1238 2102 1350 2129 lacuna
1370 2110 1424 2129 sex
1433 2103 1512 2137 fere
