2056 3234
230 206 252 232 2
964 201 1187 234 JOHANNIS
1213 201 1381 233 WICLIF
1695 198 1785 226 CAP.
1805 198 1828 226 Ι.

517 307 878 346 contradictorium
913 307 1142 356 positivum,
1177 316 1219 344 ut
1241 308 1468 344 non-homo
1494 315 1552 344 est
1575 319 1696 344 omne
1719 306 1829 343 aliud

517 366 694 415 positum
742 367 790 402 ab
830 366 1016 414 homine3
1062 365 1168 412 ideo,
1210 374 1361 414 quanto
1406 365 1624 414 positivum
1670 373 1829 402 eontra-

518 424 735 461 dictoriutn
769 432 827 460 est
850 423 1046 470 striccius,
1081 432 1138 460 est
1168 423 1335 471 negacio
1359 422 1546 472 amplior,
1581 432 1618 460 et
1651 431 1827 468 econtra,

518 491 561 518 ut
593 482 773 519 non-hoc
819 491 878 519 est
916 495 1038 519 omne
1078 481 1187 518 aliud
1231 482 1280 518 ab
1320 482 1409 528 hoc,
1463 490 1501 518 et
1539 494 1710 518 non-ens
1748 493 1831 518 non

519 549 652 589 potest
691 552 793 585 esse3
844 552 918 577 nec
964 540 1097 577 differt
1142 552 1221 588 quo
1270 541 1320 576 ad
1361 539 1704 588 predicacionem,
1750 538 1864 576 sive5

520 598 688 647 negaeio
721 598 887 646 ponitur
920 597 1089 645 infinite,
1135 598 1216 635 sive
1256 610 1355 646 pure
1393 597 1576 646 negative
1609 598 1830 635 secundum

520 669 636 693 suurn
671 656 869 693 ordinem.

580 717 678 751 Item
718 715 768 751 ad
809 726 894 751 esse
932 713 972 751 in
1011 713 1316 762 predicamento
1364 712 1512 750 sufficit
1551 712 1832 750 universalitas

520 772 581 809 vel
615 771 887 820 singularitas,
921 773 989 808 sed
1014 771 1210 821 quidlibet
1239 772 1340 808 citra
1364 773 1492 808 Deum
1526 779 1584 808 est
1606 770 1833 808 universale

520 830 582 868 vel
614 829 828 878 singulare,
864 843 958 878 ergo
992 830 1189 879 quidlibet
1223 829 1324 866 citra
1347 831 1475 866 Deum
1510 838 1569 866 est
1602 829 1642 866 in
1674 841 1832 877 genere,
1854 843 1892 864 10

522 897 558 925 et
591 900 661 936 per
694 900 943 937 consequens
975 887 1016 924 in
1049 888 1367 937 predicamento.

578 946 712 982 Minor
744 955 853 995 patet
887 959 929 982 ex
966 947 1054 992 hoc,
1090 947 1198 995 quod
1236 959 1356 982 omne
1398 947 1477 982 tale
1517 955 1574 982 est
1610 944 1834 982 communi-

524 1004 651 1041 cabile
686 1005 747 1041 vel
783 1004 1182 1051 incommunicabile,
1217 1013 1254 1040 et
1286 1017 1357 1052 per
1392 1016 1642 1053 consequens
1675 1003 1835 1040 univer—

522 1063 604 1099 sale
638 1063 699 1099 vel
733 1063 948 1111 singulare.
1002 1065 1092 1099 Non
1125 1062 1230 1099 enim
1263 1062 1420 1099 videtur
1453 1062 1576 1108 racio,
1618 1074 1742 1110 quare
1776 1069 1834 1098 est

523 1122 618 1157 dare
663 1120 836 1169 speciem
884 1120 1058 1157 hominis
1102 1121 1163 1157 vel
1206 1120 1320 1167 asini,
1374 1120 1471 1169 quin
1514 1133 1585 1169 per
1624 1120 1731 1156 idem
1777 1122 1892 1156 est15

523 1181 618 1215 dare
663 1178 837 1227 speciem
889 1178 1053 1215 unitatis
1105 1188 1142 1214 et
1189 1178 1340 1227 puncti,
1396 1187 1433 1215 et
1477 1178 1532 1215 sic
1577 1179 1625 1214 de
1669 1177 1835 1225 singulis

524 1236 876 1280 convenientibus3
930 1249 1022 1273 nam
1069 1249 1153 1273 esse
1199 1245 1392 1285 punctum
1439 1235 1625 1272 convenit
1670 1235 1834 1272 cuilibet

523 1304 673 1343 puncto
719 1294 957 1343 quiditative
1001 1295 1168 1331 univoce
1216 1303 1253 1331 et
1296 1294 1496 1342 specifice,
1536 1295 1644 1343 quod
1688 1293 1837 1330 sufficit

524 1354 574 1390 ad
613 1365 696 1389 esse
733 1352 893 1401 speciei.
949 1355 1124 1389 Punctus
1162 1365 1255 1400 ergo
1295 1352 1481 1389 convenit
1520 1352 1705 1400 specifice
1745 1364 1835 1388 cum

523 1419 688 1459 puncto,
728 1420 765 1447 et
805 1410 936 1447 differt
974 1423 1117 1459 genere
1157 1412 1205 1447 ab
1244 1410 1408 1447 instanti
1447 1411 1508 1447 vel
1548 1410 1710 1458 angulo,
1744 1422 1836 1446 cum
1854 1424 1896 1446 20

524 1469 655 1505 omnis
689 1469 922 1505 differencia
960 1469 1009 1505 sit
1041 1468 1209 1517 generis,
1249 1468 1396 1517 speciei
1428 1469 1489 1505 vel
1521 1468 1698 1514 numeri3
1745 1480 1836 1504 cum

525 1540 619 1575 ergo
664 1528 752 1575 plus
792 1527 978 1563 convenit
1018 1540 1107 1563 cum
1149 1536 1313 1575 puncto,
1347 1539 1467 1575 quam
1501 1525 1679 1573 instanti,
1719 1526 1838 1562 relin-

525 1585 673 1634 quitur,
723 1587 831 1633 quod
873 1598 952 1622 una
1001 1585 1050 1622 sit
1102 1585 1385 1621 conveniencia
1426 1584 1627 1633 specifica,
1680 1592 1718 1620 et
1759 1584 1838 1621 alia

525 1643 741 1691 generalis;
794 1656 875 1680 non
909 1656 1002 1691 ergo
1036 1652 1092 1680 est
1125 1643 1249 1690 racio,
1290 1655 1414 1691 quare
1451 1642 1548 1679 talia
1585 1655 1667 1679 non
1706 1651 1839 1679 essent

525 1701 781 1738 universalia.
1856 1703 1895 1736 25

585 1761 661 1796 Pro
696 1759 979 1796 declaracione
1023 1759 1136 1796 istius
1183 1759 1349 1796 materie
1394 1767 1555 1807 oportet
1593 1771 1838 1807 supponere,

527 1819 636 1866 quod
670 1830 737 1854 ens
771 1817 929 1854 dicatur
962 1819 1009 1853 de
1041 1817 1151 1854 omni
1181 1817 1366 1865 signabili
1399 1830 1471 1865 per
1504 1818 1771 1865 complexum,
1803 1825 1840 1853 et

527 1876 582 1912 sic
623 1877 827 1924 quoddam
867 1875 917 1912 sit
956 1888 1023 1911 ens
1063 1876 1221 1912 actuale
1264 1876 1325 1912 vel
1369 1875 1593 1921 existencie,
1633 1875 1840 1923 quoddam

529 1946 596 1970 ens
629 1933 868 1982 potenciale,
894 1935 1002 1982 quod
1036 1934 1155 1970 habet
1189 1946 1273 1970 esse
1306 1933 1346 1969 in
1379 1933 1508 1970 causis
1541 1932 1739 1980 secundis,
1763 1945 1840 1982 que

529 2001 696 2040 possunt
718 1992 849 2040 ipsum
875 1992 1086 2028 actualiter
1115 1993 1351 2039 producere,
1387 2000 1424 2028 et
1447 1992 1653 2040 quoddam
1678 2003 1745 2027 ens
1769 1999 1840 2037 est,
1860 1995 1901 2028 30

530 2051 637 2099 quod
671 2050 801 2087 solum
845 2051 966 2087 habet
1005 2062 1089 2086 esse
1122 2049 1372 2098 intelligibile
1413 2049 1454 2085 in
1486 2051 1584 2096 Deo,
1633 2057 1676 2085 ut
1709 2061 1841 2095 omne,

531 2109 639 2157 quod
672 2109 802 2145 solum
836 2110 941 2144 Deus
982 2116 1113 2156 potest
1158 2109 1395 2156 producere,
1437 2116 1473 2144 et
1511 2121 1592 2144 non
1632 2107 1843 2144 actualiter

532 2165 674 2203 existit.
700 2166 834 2203 Prima
852 2179 945 2214 pars
962 2165 1078 2202 huius
1095 2165 1391 2214 supposicionis
1411 2166 1614 2202 declarata
1630 2174 1687 2202 est
1710 2165 1843 2214 primo

531 2233 720 2261 tractatu.
755 2226 940 2261 Secunda
965 2237 1058 2272 pars
1082 2224 1354 2260 declarabitur
1377 2224 1417 2260 in
1442 2223 1612 2261 materia
1637 2224 1684 2260 de
1706 2223 1840 2260 Ydeis.

259 2286 493 2325 Transitionm
592 2285 646 2318 Ex
698 2283 774 2319 ista
818 2282 1103 2330 supposicione
1148 2290 1272 2330 patet,
1326 2283 1434 2331 quod
1488 2282 1639 2319 claudit
1687 2290 1845 2318 contra·
1862 2284 1901 2319 35

283 2323 483 2391 {giicffiinriiegffi
535 2340 758 2377 diccionem
801 2353 868 2377 ens
908 2353 993 2376 esse
1032 2353 1111 2376 una
1148 2340 1232 2377 vice
1279 2340 1534 2377 communius
1580 2348 1616 2377 et
1651 2339 1729 2377 alia
1760 2339 1846 2376 vice

261 2392 328 2419 The
348 2391 444 2426 entity
464 2390 520 2451 Ὀζᾶ
536 2398 666 2435 minus
729 2411 958 2444 commune,
1024 2411 1113 2434 cuin
1177 2411 1297 2434 omne
1360 2398 1624 2446 intelligibile,
1677 2407 1720 2434 ut
1783 2397 1845 2443 sit,

251 2426 335 2454 itself
351 2428 464 2453 cannot

272 2459 490 2522 ἓῖἳῐὲείεῐίὲῗέῃὲῐέ
534 2456 762 2493 necessario
796 2456 845 2493 sit
879 2465 1074 2492 eternum.
1123 2458 1308 2493 Secunda
1340 2469 1433 2504 pars
1466 2455 1638 2492 inferens
1672 2456 1847 2504 primam

244 2530 392 2558 extended
414 2529 472 2556 and
488 2529 518 2556 in
535 2523 645 2563 patet
679 2527 722 2551 ex
746 2516 834 2559 hoc,
870 2516 979 2563 quod
1002 2514 1034 2550 si
1058 2513 1224 2562 aliquod
1258 2527 1326 2550 ens
1349 2522 1481 2562 potest
1505 2513 1687 2561 intelligi,
1713 2513 1846 2562 ipsum

297 2564 466 2627 ressssffifflgg
534 2572 786 2620 intelligitur,
822 2581 858 2608 et
891 2572 923 2608 si
956 2572 1207 2620 intelligitur,
1243 2571 1374 2620 ipsum
1410 2581 1466 2608 est
1500 2571 1764 2619 intelligibile,
1811 2579 1908 2616 et40

605 2714 625 2734 1.
650 2705 743 2734 Cod.:
765 2706 912 2741 positum.
980 2704 1026 2733 36.
1043 2706 1250 2740 communius]
1271 2706 1355 2734 cod.:
1378 2696 1440 2741 933.

606 2779 659 2819 34.
697 2778 814 2810 Primo
851 2784 1010 2809 tractatu:
1065 2778 1118 2821 Cf.
1158 2782 1279 2811 notam
1320 2778 1353 2810 in
1384 2778 1461 2820 fine
1499 2787 1576 2820 cap.
1616 2777 1668 2809 IV
1707 2777 1849 2810 huiusce

535 2829 723 2859 tractstus.
