2056 3234
213 194 302 222 CAP-
323 195 402 223 XXI·
537 198 597 229 DE
622 197 745 229 ENTE
773 197 1195 229 PREDICAMENTALI.
1733 202 1811 237 205)

214 312 327 351 parte
371 303 499 339 existit
542 303 582 339 in
625 303 735 339 omni
780 303 957 349 instanti,
1009 316 1082 339 nec
1128 312 1259 350 potest
1303 303 1342 339 in
1387 304 1521 352 aliquo
1564 313 1654 340 T1me
1676 313 1705 345 (ι
1727 322 1751 340 e.
1773 322 1789 340 a

215 361 378 397 instanti
411 361 590 397 desinere
624 373 718 397 esse.
1537 348 1652 409 Εῑζῗὲξῗ
1670 349 1815 419 &02¹3ss

271 420 320 454 Et
363 418 469 455 iuxta
519 418 575 455 sic
626 419 835 467 loquentes
886 417 1083 466 contingit
1131 418 1255 455 libere
1303 421 1522 455 concedere
1562 417 1791 479 ffiafflffi'ffilbiss

64 480 103 510 κ’.
121 479 198 520 240¹
214 485 397 524 tempora
421 489 502 512 esse
531 473 535 529 Ι
565 476 708 513 finita
700 490 739 512 ln
762 485 934 525 utroque
957 489 1029 512 suo
1053 485 1242 522 extremo,
1277 486 1314 512 et
1345 476 1521 522 indubie,
1569 488 1623 513 has
1645 495 1733 513 come
1754 491 1785 513 to

182 534 244 570 §si
284 543 374 570 sunt
413 534 537 580 finita,
578 543 673 571 tunc
711 534 809 570 fines
849 534 992 570 finiunt
1025 543 1094 570 aut
1126 533 1314 570 finierunt
1347 534 1446 583 ipsa,
1487 543 1524 570 et
1616 529 1652 548 ΗΠ
1675 521 1745 548 end.

213 592 269 628 sic
309 604 428 627 omne
466 600 623 640 tempus
663 592 819 628 finitum
853 591 893 628 in
927 601 1098 640 utroque
1132 600 1314 640 tempore
1348 601 1524 628 extremo

213 659 270 686 est
299 651 471 698 lapsum,
504 650 804 698 pertransitum,
838 652 1081 698 productum
1113 650 1175 686 vel
1208 659 1429 686 causatum.
1478 652 1525 685 Et

213 707 374 743 indubie
419 709 494 744 hoc
538 708 668 744 solum
714 717 770 744 est
810 720 947 744 verum
992 708 1033 744 in
1077 721 1148 744 suo
1195 708 1284 754 fine,
1329 717 1372 744 ut
1418 717 1526 756 patet

214 767 260 801 60
284 765 531 802 Phisicorum
559 765 737 814 capitulo
760 774 881 812 sexto,
906 766 973 802 ubi
997 765 1233 812 ostenditur,
1268 768 1377 814 quod
1406 778 1525 801 omne

160 837 197 857 10
214 832 412 859 mutatum
451 836 534 859 esse
573 833 631 860 est
670 823 802 860 subito
841 824 881 860 in
919 823 997 860 fine
1036 823 1277 860 mutacionis
1317 824 1372 860 sic
1417 825 1526 871 quod

212 893 273 917 res
311 881 531 918 successive
569 882 674 918 facta
714 890 771 917 est
810 881 941 929 primo
974 882 1079 918 facta
1111 881 1153 917 in
1185 881 1276 918 fine.
1323 884 1371 917 Et
1404 881 1524 926 dicat,

212 939 279 988 qui
312 940 444 985 audet,
479 941 587 988 quod
619 940 775 975 nullum
808 948 967 988 tempus
1001 949 1059 976 est
1080 939 1230 975 factum
1255 953 1277 976 a
1300 942 1384 976 Deo
1418 952 1523 985 cum,

212 998 308 1033 Gen.
333 997 464 1045 primo
488 997 675 1033 dicuntur
696 1010 760 1033 sex
784 997 867 1033 dies
891 997 975 1033 fieri
999 1010 1021 1034 a
1038 1000 1135 1044 Deo,
1153 1006 1189 1034 et
1202 999 1297 1033 Mat.
1317 1001 1361 1032 20
1379 997 1526 1033 dicitur

210 1056 384 1091 salvator
422 1055 554 1103 ipsum
590 1055 828 1091 “dominum
864 1055 1060 1101 sabbati’',
1097 1055 1191 1103 quia
1226 1057 1286 1091 Ps.
1318 1056 1416 1091 1180
1453 1054 1525 1090 Dei

158 1112 512 1149 15“Ordinaci0ne
543 1122 612 1149 tua
645 1122 872 1161 perseverat
911 1113 1007 1160 dies,
1048 1113 1242 1161 quoniam
1276 1112 1412 1149 omnia
1445 1125 1524 1149 ser-

209 1170 321 1207 viunt
342 1170 456 1207 tibi''.
491 1170 651 1216 Omnia,
686 1171 725 1206 id
759 1180 815 1207 est
839 1183 978 1207 omnes
1011 1180 1205 1218 creature,
1239 1171 1341 1207 sicut
1365 1170 1524 1219 exponit

210 1230 349 1265 beatus
381 1229 641 1276 Augustinus,
674 1228 773 1264 illud
804 1231 863 1265 Jo.
897 1229 1043 1277 primo.
1079 1228 1255 1265 “Omnia
1288 1241 1359 1277 per
1391 1228 1523 1276 ipsum

210 1287 314 1323 facta
347 1288 478 1323 sunt.''
520 1289 567 1322 Et
600 1287 676 1323 isto
715 1288 838 1323 modo
872 1299 1053 1335 expresse
1086 1287 1182 1323 dicit
1215 1288 1355 1323 beatus
1388 1288 1522 1334 Augu-

210 1344 336 1381 stinus
379 1345 422 1380 50
457 1357 574 1392 super
597 1344 783 1381 Genesim
817 1346 867 1380 ad
899 1345 1071 1381 litteram
1107 1344 1284 1393 capitulo
1320 1348 1380 1391 70,
1415 1345 1523 1392 quod

154 1415 196 1436 20
210 1411 368 1450 tempus
402 1411 459 1438 est
492 1411 689 1448 creatura,
722 1403 828 1439 facta
861 1415 883 1439 a
914 1406 1009 1449 Deo,
1044 1412 1081 1439 et
1112 1402 1219 1439 idem
1254 1402 1349 1438 dicit
1379 1406 1450 1438 110
1474 1403 1522 1437 de

212 1460 379 1497 Civitate
411 1460 483 1496 Dei
517 1460 694 1508 capitulo
729 1462 775 1496 60
809 1469 847 1496 et
880 1490 887 1497 .

270 1520 381 1555 Patet
419 1531 511 1566 ergo
545 1531 588 1555 ex
619 1530 811 1567 processu
842 1518 1084 1568 Aristotelis,
1124 1519 1233 1567 quod
1271 1517 1523 1565 impossibile
1548 1524 1590 1552 So
1610 1524 1684 1564 tirme
1704 1532 1759 1552 can
1780 1524 1816 1552 be

212 1585 269 1613 est
308 1588 428 1612 omne
466 1586 625 1624 tempus
665 1589 748 1613 esse
786 1577 938 1612 factum
977 1589 999 1612 a
1038 1579 1136 1622 Deo,
1175 1575 1250 1612 nisi
1291 1575 1340 1611 sit
1380 1575 1419 1611 in
1452 1588 1523 1611 suo
1560 1560 1799 1629 1112&ssssssde

212 1634 289 1671 fine
320 1634 382 1670 vel
414 1634 528 1671 aliter
560 1634 615 1670 sic
644 1635 793 1671 factum
827 1634 867 1669 in
900 1634 980 1670 suis
1014 1634 1143 1670 causis
1177 1633 1440 1681 originalibus
1463 1633 1524 1669 vel
1544 1629 1617 1664 only
1637 1629 1726 1655 when
1747 1629 1770 1668 ip
1790 1630 1818 1656 5³

1569 1664 1679 1697 ended,
1700 1672 1736 1690 or
1756 1672 1786 1691 m

156 1696 196 1728 25
211 1692 421 1740 specificis,
455 1705 545 1728 cum
579 1705 697 1728 omne
730 1692 951 1728 successive
979 1692 1144 1738 factum,
1180 1691 1260 1728 sive
1283 1703 1523 1739 permanens
1559 1699 1608 1725 the
1629 1706 1717 1725 sense
1737 1699 1802 1725 that

212 1750 291 1786 sive
330 1750 609 1795 successivum,
651 1750 695 1786 fit
734 1759 951 1798 antequam
984 1750 1033 1786 sit
1065 1750 1228 1795 factum,
1268 1749 1371 1785 sicut
1403 1761 1523 1785 omne
1570 1735 1605 1760 Μ
1621 1734 1790 1795 (ξὲἓιξξξηὸ

212 1808 489 1855 temporaliter
547 1817 781 1856 corruptum
849 1807 1134 1855 corrumpitur,
1196 1816 1411 1855 antequam
1475 1806 1525 1842 sit

213 1874 460 1913 corruptum,
494 1874 536 1901 ut
561 1875 671 1914 patet
699 1867 784 1913 590,
820 1875 856 1902 et
889 1875 1114 1902 consonant
1146 1864 1270 1911 racio,
1305 1864 1524 1901 auctoritas

213 1932 250 1960 et
283 1925 425 1960 modus
458 1924 661 1972 loquendi.

282 2055 322 2080 14.
344 2046 392 2073 ΡΒ
414 2047 558 2074 omissum
577 2046 606 2073 in
628 2047 694 2073 cod
750 2054 796 2073 20.
811 2046 886 2073 Post
904 2050 932 2073 et
952 2046 1064 2072 lacuna
1088 2045 1192 2081 &fere
1210 2045 1388 2073 litterarum
1407 2046 1438 2072 in
1459 2044 1526 2072 cod.

282 2128 313 2161 9
343 2118 395 2161 Cf.
422 2119 524 2149 Arist.
551 2119 625 2149 Nat.
652 2119 756 2149 Ausc.
774 2118 938 2159 Vl4(3),
963 2127 974 2148 1
998 2117 1079 2159 (Ed.
1108 2118 1191 2148 Par.
1214 2117 1250 2148 Il
1271 2118 1355 2156 3³22,
1380 2118 1430 2147 20
1447 2118 1527 2157 ss.:)

216 2164 267 2196 Τὸ
294 2162 333 2195 δὲ
359 2163 578 2207 μεταβάλλον
603 2162 701 2195 ἅπαν
727 2163 863 2216 ἀνάγκη
889 2160 1072 2204 διαιρετὸν
1089 2156 1180 2194 εἶναι
1197 2159 1274 2194 ἐπεὶ
1286 2161 1357 2215 ysico
1375 2160 1413 2194 ἐκ
1430 2173 1528 2200 τινος

214 2209 264 2247 εἰς
289 2221 322 2241 τι
346 2211 446 2242 πᾶσα
471 2208 660 2253 μεταβολὴ,
685 2208 745 2241 καὶ
771 2206 859 2241 ὅταν
883 2207 948 2252 μὲν
966 2205 987 2251 ἦ
1005 2206 1043 2241 ἐν
1060 2209 1190 2252 τούτῳ,
1216 2206 1266 2246 εἰς
1285 2205 1303 2240 ὃ
1321 2208 1528 2252 μετέβαλεν,

213 2255 332 2288 οὐκέτι
356 2255 565 2300 μεταβάλλει
588 2268 618 2288 κ.
637 2267 666 2288 τ.
684 2258 712 2288 λ.
801 2258 853 2289 13.
882 2259 968 2288 G.en
993 2259 1022 2295 1,
1046 2258 1098 2288 31.
1184 2256 1231 2286 lb.
1259 2257 1391 2289 ..Uattlz
1410 2259 1462 2296 12,
1484 2259 1530 2288 8.·

200 2303 375 2335 μεἰοισπῐηιις
413 2305 504 2336 enim
544 2308 595 2335 est
624 2304 727 2345 filius
760 2303 911 2335 hominis
953 2304 1060 2334 etiam
1100 2302 1250 2334 sabbati*
1294 2303 1348 2334 Ps.
1377 2304 1449 2340 718,
1477 2305 1526 2335 91.

217 2360 267 2391 17.
297 2350 349 2391 Cf.
375 2351 464 2392 Aug.
491 2350 525 2381 in
551 2350 614 2381 Ev.
631 2350 747 2389 Joa.1‚
772 2348 902 2380 12-16
929 2348 1068 2391 (Migne
1094 2349 1235 2381 XXXV
1257 2349 1526 2389 1385—1387).

217 2406 266 2438 19.
297 2396 348 2439 Cf.
375 2398 463 2438 Aug.
490 2396 541 2427 De
568 2396 694 2427 Genesi
721 2396 763 2426 ad
791 2396 870 2426 Litt.
889 2396 919 2426 V
946 2406 977 2436 7,
1001 2405 1037 2425 12
1066 2394 1203 2436 (Migne
1229 2394 1395 2425 XXXIV
1418 2395 1528 2435 5²25).-

213 2443 334 2474 Potius
366 2452 450 2485 ergo
484 2447 620 2484 tempus
655 2454 676 2474 a
707 2447 888 2481 creatura,
923 2452 1028 2483 quam
1055 2446 1224 2472 creatura
1251 2442 1365 2482 coepit
1391 2451 1411 2471 α
1439 2445 1526 2473 tem-

208 2498 319 2530 pore,·
347 2493 533 2531 utrumque
560 2494 679 2521 autem
708 2499 755 2519 ex
782 2489 867 2519 Deo.
1025 2497 1077 2518 21.
1107 2488 1156 2529 Cf
1187 2489 1275 2528 Aug.
1302 2487 1353 2517 De
1380 2487 1526 2518 Civitate

213 2535 276 2565 Dei
302 2535 345 2565 XI
372 2534 392 2566 6
419 2536 558 2577 (Migne
584 2535 674 2567 XLI
694 2536 800 2575 321).·
827 2534 866 2565 Si
893 2534 984 2566 enim
1013 2538 1106 2564 recte
1132 2533 1385 2564 discernuntur
1410 2538 1525 2564 aeter-

214 2581 310 2612 nitas
345 2585 377 2612 et
403 2586 550 2623 tempus,
583 2581 677 2623 quod
709 2585 845 2622 tempus
877 2581 950 2611 sine
981 2580 1103 2621 aliqua
1138 2579 1256 2610 mobili
1289 2579 1527 2610 mutabilitate

215 2637 280 2658 non
309 2631 371 2666 est,
398 2628 429 2659 in
458 2630 674 2659 aeternitate
693 2633 811 2659 autem
833 2627 926 2657 nulla
949 2627 1097 2657 mutatio
1117 2630 1184 2663 est,·
1212 2625 1286 2666 quis
1306 2635 1374 2657 non
1394 2625 1525 2664 videat,

214 2673 307 2715 quod
339 2678 500 2714 tempora
538 2684 605 2705 non
626 2674 796 2714 fuissent,
832 2674 899 2703 nisi
930 2677 1100 2704 creatura
1124 2671 1243 2712 fieret,
1271 2682 1358 2712 quae
1390 2672 1527 2713 aliquid

215 2720 335 2760 aliqua
372 2721 526 2751 motione
559 2724 729 2755 mutaret3
764 2725 795 2750 ec
829 2729 949 2760 qmsqu.
978 2717 1030 2749 28.
1060 2717 1130 2759 59⁰]
1165 2718 1295 2748 scilicet
1322 2718 1423 2748 Arist.
1451 2719 1526 2749 Nat.

215 2767 318 2796 Ausc.
350 2766 409 2796 lib.
434 2766 490 2805 VI,
524 2772 605 2796 sect.
635 2765 686 2807 59,
715 2775 787 2806 cap.
814 2764 833 2795 (Β
861 2765 945 2804 (ιο),
978 2774 1015 2795 10
1043 2764 1124 2804 (Ed.
1156 2764 1238 2794 Par.
1268 2763 1419 2802 11326,
1447 2765 1528 2804 52).-

188 2808 192 2810 ’
217 2811 377 2853 Φανερὸν
408 2807 483 2853 οὖν,
517 2807 572 2842 ὅτι
597 2809 657 2842 καὶ
682 2811 721 2842 τὸ
747 2810 891 2851 γεγονὸς
917 2809 1052 2851 ἀνάγκη
1077 2808 1238 2850 γίνεσθαι
1267 2807 1444 2851 πρότερον
1468 2807 1527 2841 καὶ

1350 2877 1389 2908 14
