2056 3234
190 170 316 205 Quaest.
332 170 399 198 VII·
469 173 697 212 Quaestiones
723 173 857 214 logicae
884 178 917 204 et
941 171 1216 214 philosophicae.

187 277 350 314 lascivia
382 277 609 326 aliqualiter
630 278 691 314 vel
722 276 999 325 multipliciter
1020 276 1167 313 vexatis
1191 278 1491 325 quodammodo

187 334 294 371 utilis
327 343 364 371 et
394 334 632 371 conveniens
666 343 724 371 est
746 334 944 383 possessio
975 334 1224 380 diviciarum,
1259 344 1295 371 et
1319 334 1492 371 maxime

187 392 267 438 illa,
314 405 390 441 que
428 392 706 429 necessitatem
744 392 871 429 victus
909 401 947 428 et
985 392 1155 428 amictus
1193 391 1354 440 respicit
1386 391 1494 428 iuxta

188 462 303 486 suum
349 458 511 487 statum.
557 451 667 486 Istud
705 449 972 487 corrolarium
1010 458 1120 498 patet
1159 462 1203 486 ex
1241 449 1493 487 convenienti

155 507 463 547 5similitudine.
495 509 797 554 Verumtamen,
831 508 933 544 sicut
956 507 1121 556 quilibet
1150 516 1308 544 tenetur
1329 508 1493 543 tendere

188 565 360 602 finaliter
404 566 454 602 ad
497 566 659 613 plenam
705 565 849 602 mentis
889 564 1115 602 castitatem
1156 574 1193 601 et
1233 564 1492 610 mundiciem‚

189 623 244 659 sic
267 631 425 659 tenetur
447 624 611 660 tendere
634 624 684 659 ad
718 622 958 669 carenciam,
988 622 1231 671 possessioni
1255 622 1492 659 diviciarum

188 680 432 729 oppositam.
477 681 591 717 Unde
635 681 784 717 malurn
831 680 988 729 signum
1034 690 1091 717 est
1128 680 1169 716 in
1207 680 1380 726 senibus,
1426 679 1494 728 qui

189 738 276 786 plus
305 737 518 775 intendunt
540 738 782 786 possessioni
805 738 1042 775 diviciarum
1074 747 1339 785 senescentes,
1373 750 1492 787 quam

135 795 229 836 10in
275 795 491 843 iuventute,
538 809 628 832 cum
675 797 822 832 munde
862 796 1099 841 floruerunt,
1145 804 1182 832 et
1218 796 1374 833 videtur
1418 796 1494 832 hoc

189 863 337 901 patere,
371 866 462 890 cum
496 853 593 890 nulli
625 855 685 891 vel
716 853 948 902 paucissimi
982 854 1059 890 sint
1090 853 1322 901 plenissime
1355 853 1494 890 mundi

189 920 225 948 et
265 911 448 948 castitate
487 911 632 948 mentis
664 911 839 958 delicati,
878 913 946 948 sed
985 911 1098 960 quasi
1131 924 1271 948 omnes
1305 911 1495 948 mortales

187 968 348 1005 lascivia
381 968 608 1017 aliqualiter
640 978 731 1005 sunt
762 969 907 1014 vexati3
941 981 1080 1005 omnes
1112 970 1413 1017 quodammodo
1436 968 1495 1004 in-

188 1026 324 1074 digent
355 1026 519 1075 aliquali
552 1026 804 1075 possessione
838 1026 1088 1073 diviciarum,
1121 1027 1182 1063 vel
1215 1026 1324 1063 illam
1349 1026 1494 1063 tacitus

133 1092 171 1125 15
188 1085 450 1133 expostulant,
485 1083 587 1120 sicut
620 1084 800 1132 pruritus
833 1084 1106 1133 asperitatem.

1698 176 1771 212 271
