2056 3234
216 172 236 197 2
246 163 262 197 3
274 164 295 198 ὁ
1001 173 1169 204 Johannis
1195 172 1317 204 wiciif
1631 170 1757 205 Quaest-
1780 171 1815 198 11-

249 287 290 314 So
311 290 363 312 too
385 285 458 323 with
562 281 610 315 Et
655 280 799 316 iterum
839 279 941 316 sicut
980 279 1125 327 duplex
1165 287 1222 315 est
1254 279 1437 324 materia,
1478 280 1665 326 quedam,
1706 279 1818 315 cuius

214 325 324 347 matter
338 319 396 346 and
416 327 488 346 aun.
505 337 648 373 entitas
672 346 729 374 est
753 337 897 374 entitas
922 336 1122 373 materiati
1146 345 1183 372 et
1204 346 1370 373 vocatur
1394 336 1562 372 materia
1585 336 1816 382 subiecfiva,

506 395 596 440 alia,
650 396 761 432 cuius
806 395 949 431 entitas
1000 408 1081 431 non
1131 394 1186 430 sic
1231 403 1288 431 est
1333 394 1476 430 entitas
1522 394 1735 440 materiati,
1781 403 1817 430 et

504 462 672 489 vocatur
716 453 886 490 materia
930 452 1139 489 obiectiva.
1194 455 1242 488 Et
1293 452 1424 500 primo
1479 453 1599 488 modo
1650 452 1818 489 materia

505 511 662 554 dicitur⁷
709 524 753 548 ex
791 524 869 559 qua
908 510 1168 559 appropriate
1207 522 1268 546 res
1309 511 1429 546 habet
1469 522 1552 546 esse
1591 511 1714 546 totale
1758 510 1851 546 velf>

505 569 680 617 parciale
713 568 952 617 simpliciter
984 578 1052 605 aut
1085 569 1401 616 quodammodo.
1442 568 1633 615 Exempla
1665 576 1817 615 patent.

505 629 690 664 Secundo
730 629 850 663 modo
885 626 1054 663 materia
1087 626 1234 662 dicitur
1267 627 1314 662 de
1348 638 1427 673 qua
1466 638 1527 662 res
1560 625 1818 673 appropriate

506 687 624 721 habet
658 698 754 730 esse,
789 686 850 721 vel
884 684 990 721 circa
1023 697 1144 733 quam
1179 683 1439 732 appropriate
1472 696 1533 720 res
1567 685 1687 720 habet
1720 696 1816 720 esse.

505 746 553 779 Et
598 743 699 779 sicut
744 744 888 791 duplex
934 751 992 779 est
1037 742 1139 790 finis,
1185 742 1364 790 quidam,
1414 741 1525 777 cuius
1570 741 1715 777 entitas
1761 750 1818 777 est

506 801 650 837 entitas
684 800 799 847 finiti,
833 810 875 836 ut
909 800 997 836 finis
1030 800 1282 845 intrinsecus,
1317 808 1354 836 et
1386 808 1551 835 vocatur
1575 799 1679 835 ‘finis
1703 802 1818 847 quo’7,
1840 813 1877 833 10

507 859 621 905 alius,
638 858 751 895 cuius
775 859 919 895 entitas
942 871 1024 894 non
1047 858 1102 894 sic
1126 867 1184 894 est
1208 857 1352 894 entitas
1376 857 1492 903 finiti,
1509 866 1551 893 ut
1577 857 1819 893 extrinsecus

506 926 542 953 et
574 926 740 953 vocatur
774 916 862 952 finis
896 915 1044 964 ‘gracia
1078 916 1224 962 cuius³3
1265 924 1302 952 et
1341 915 1472 963 primo
1512 916 1633 951 modo
1673 914 1818 951 dicitur

507 975 607 1020 finis,
649 974 689 1011 in
723 987 803 1022 quo
837 973 1095 1022 appropriate
1129 987 1190 1010 res
1229 973 1422 1019 consistit,
1467 974 1644 1009 secundo
1684 974 1818 1018 modo,

505 1032 640 1080 gracia
673 1033 784 1069 cuius
817 1031 1078 1080 appropriate
1111 1044 1170 1068 res
1204 1033 1323 1068 habet
1356 1044 1451 1077 esse,
1482 1029 1485 1081 Ι
1515 1030 1571 1067 sic
1603 1043 1674 1066 suo
1699 1032 1819 1066 modo
1836 1035 1873 1066 F.
1894 1033 1953 1066 182

506 1091 636 1127 forma
676 1099 777 1127 esset
817 1091 973 1138 duplex,
1016 1091 1204 1138 quedam,
1246 1089 1357 1126 cuius
1397 1089 1539 1125 entitas
1579 1097 1636 1124 est
1676 1088 1876 1125 entitas15

505 1148 667 1185 formati
699 1147 935 1196 simpliciter
967 1157 1034 1184 aut
1056 1149 1374 1196 quodammodo,
1408 1147 1499 1192 alia,
1534 1147 1644 1182 cuius
1678 1146 1820 1182 entitas

507 1219 587 1242 non
631 1206 687 1242 sic
732 1215 788 1242 est
835 1206 979 1242 entitas
1019 1205 1199 1251 formati3
1245 1215 1282 1241 et
1320 1205 1451 1253 prima
1487 1213 1652 1241 vocatur
1691 1204 1820 1240 forma

507 1264 737 1310 intrinseca⁷
762 1266 937 1300 secunda
956 1264 1212 1311 exemplari53
1237 1272 1274 1299 et
1289 1263 1420 1311 prima
1436 1262 1581 1299 dicitur
1597 1263 1819 1299 secundum

508 1336 629 1371 quam
676 1335 737 1358 res
783 1323 902 1358 habet
941 1321 1200 1370 appropriate
1239 1334 1336 1366 esse,
1383 1322 1558 1357 secunda
1596 1332 1704 1367 vero,
1749 1333 1820 1368 per

508 1393 628 1429 quam
663 1393 724 1416 res
757 1380 1018 1428 appropriate
1052 1381 1171 1416 habet
1205 1392 1307 1426 esse3
1346 1379 1528 1426 exempla
1567 1379 1614 1414 de
1654 1377 1819 1425 singulis
1837 1392 1878 1413 20

509 1448 599 1474 sunt
631 1438 726 1474 satis
759 1447 866 1474 nota.

264 1498 450 1561 Εἴξῗὶῐξζῑέῑῑγ
567 1498 778 1544 Suppono:
835 1496 875 1532 Si
919 1495 1063 1532 veritas
1107 1508 1129 1532 a
1173 1504 1285 1543 parte
1329 1494 1384 1531 rei
1428 1493 1620 1542 primarie
1672 1493 1820 1541 signifi-

405 1554 410 1559 ’
509 1554 646 1590 cabilis
680 1554 1003 1602 proposicionem
1036 1552 1402 1601 proposcionaliter
1434 1561 1491 1588 est
1523 1552 1652 1588 forma
1693 1564 1820 1588 exem-

510 1612 646 1660 plaris,
701 1613 878 1648 formans
929 1612 990 1648 vel
1043 1611 1306 1648 denominans
1358 1609 1681 1658 proposicionem
1735 1622 1819 1645 esse

506 1683 657 1711 veram,
705 1670 941 1718 simpliciter
974 1678 1284 1717 consequentem
1319 1669 1379 1705 vel
1411 1667 1693 1713 necessariam,
1726 1677 1820 1704 tunc
1837 1672 1876 1704 25

507 1727 595 1764 talis
618 1728 763 1764 veritas
797 1727 1037 1775 exemplabit
1069 1727 1392 1775 proposicionern
1428 1738 1511 1762 esse
1544 1738 1692 1771 veram,
1727 1738 1820 1761 con-

508 1795 740 1834 sequentem
764 1787 824 1822 vel
847 1785 1132 1830 necessariam3
1166 1794 1275 1833 patet
1297 1784 1540 1832 supposicio,
1565 1783 1658 1832 quia
1682 1783 1820 1820 exinde

508 1844 739 1892 proposicio
773 1853 829 1879 est
852 1856 957 1889 vera,
992 1843 1086 1891 quia
1110 1845 1229 1880 habet
1250 1843 1457 1879 veritatem
1483 1841 1556 1878 sibi
1586 1853 1821 1889 correspon-

509 1904 683 1945 dentem,
731 1902 792 1938 cui
833 1910 1045 1947 consonat3
1093 1910 1128 1937 et
1161 1913 1231 1949 per
1270 1913 1518 1948 consequens
1555 1899 1644 1936 talis
1676 1899 1820 1936 veritas

509 1960 715 1996 obiectalis
746 1959 937 1996 formabit
970 1968 1007 1996 et
1030 1959 1305 1996 denominabit
1329 1957 1650 2006 proposicionem
1685 1957 1879 1994 huius-oo

511 2018 619 2054 modi
653 2030 736 2053 esse
773 2030 922 2063 veram,
968 2026 1276 2065 consequentem
1321 2017 1383 2052 vel
1426 2015 1707 2061 necessariam,
1752 2016 1819 2050 sed

509 2088 590 2111 non
614 2077 661 2112 ab
686 2075 917 2121 intrinseco,
952 2088 1041 2111 cum
1075 2088 1155 2111 non
1188 2076 1236 2111 ab
1270 2074 1487 2110 intrinseco
1520 2073 1594 2109 sibi
1616 2073 1832 2115 inexistat3>

510 2146 602 2181 ergo
642 2135 690 2169 ab
730 2133 949 2170 extrinseco
988 2133 1152 2169 sortitur
1188 2133 1308 2169 talem
1350 2131 1739 2177 denominacionem,
1785 2139 1821 2166 et

509 2204 580 2239 per
626 2203 872 2239 consequens
917 2191 1158 2239 exemplabit
1203 2203 1305 2226 eam.
1359 2188 1661 2237 Consequencia
1713 2197 1821 2236 patet

509 2249 676 2285 notabili
710 2249 841 2297 primo
875 2258 911 2285 et
943 2251 1132 2286 secundo.
1167 2251 1266 2284 Nam
1303 2248 1333 2283 si
1357 2247 1587 2295 proposicio
1611 2248 1659 2282 ab
1682 2246 1822 2282 intrin-
1838 2250 1878 2283 οὗ

510 2319 601 2343 seco
635 2316 736 2343 esset
768 2319 861 2343 vera
894 2316 930 2343 et
963 2320 1044 2343 non
1077 2308 1126 2342 ab
1160 2306 1380 2342 extrinseco
1412 2305 1578 2341 veritate
1617 2303 1818 2348 obiectali,

511 2374 606 2400 tunc
637 2377 718 2401 non
751 2366 799 2401 ab
833 2377 891 2410 eo,
926 2367 1035 2413 quod
1068 2376 1128 2400 res
1162 2373 1263 2400 esset
1285 2364 1345 2399 vel
1367 2376 1447 2400 non
1471 2371 1570 2399 esset
1592 2361 1821 2410 proposicio

512 2422 713 2458 diceretur
756 2435 848 2459 vera
891 2423 952 2459 vel
989 2423 1103 2471 falsa,
1148 2434 1238 2458 cum
1283 2430 1378 2457 tunc
1424 2422 1472 2456 ad
1511 2420 1572 2456 sui
1610 2419 1818 2455 veritatem

511 2493 591 2516 non
634 2480 855 2528 requireret
896 2493 1034 2517 verum
1079 2479 1280 2516 obiectum
1335 2492 1356 2515 a
1408 2487 1522 2526 parte
1574 2477 1648 2523 rei;
1701 2476 1821 2524 igitur

512 2538 742 2586 supposicio
774 2550 880 2574 vera.
1836 2551 1881 2581 40

222 2594 387 2628 Examples
409 2599 491 2621 must
572 2598 893 2633 CORROLARIUM:
970 2597 1139 2644 Oportet
1209 2595 1380 2631 formam
1454 2593 1718 2640 exemplarem
1787 2600 1823 2627 et

222 2629 777 2703 corleiiiiirriiiwnhexemplatam
825 2666 908 2690 esse
947 2655 1179 2702 adequatas‚
1225 2652 1319 2701 quia
1362 2653 1412 2688 ad
1459 2660 1615 2687 tanturn
1662 2659 1698 2686 et
1743 2661 1821 2685 non

583 2813 629 2848 26,
651 2820 694 2847 27.
717 2812 967 2847 consequentem]
989 2810 1076 2838 cmi..-
1096 2810 1183 2845 9tin¹z
1204 2813 1231 2836 et
1250 2810 1294 2836 sic
1308 2812 1430 2844 postea.
