2056 3234
279 624 380 652 Three
401 623 493 650 kinds
513 624 547 650 of

329 658 506 694 qualitative

313 693 518 729 hypothetica]

300 728 526 762 propositions3

280 763 408 797 relating
422 767 452 789 to
468 762 551 797 time,

332 806 423 832 space
443 797 501 835 and

313 839 523 866 comparisou.

284 1862 431 1890 Different
452 1861 542 1888 kinds

284 1898 317 1924 of
335 1896 541 1935 hypotlietical

303 1936 523 1967 propositions.

322 2208 475 2243 Diversity
495 2207 521 2234 is

293 2243 416 2276 caused,
438 2247 491 2269 not
512 2242 551 2277 by

309 2279 357 2304 the
378 2282 440 2304 two
461 2277 536 2308 first,

305 2312 361 2339 aud
384 2312 536 2339 therefore

310 2348 348 2382 by
369 2348 417 2373 the
437 2346 529 2373 third.

1066 164 1232 196 Johannis
1258 164 1380 196 Wiclif
1691 162 1817 197 Quaest.
1838 161 1875 188 ΙΙ.

569 279 689 318 patet,
742 270 835 318 quia
887 269 1089 317 quantitas
1139 270 1178 305 in
1228 269 1457 317 ypothetica
1510 282 1590 306 non
1640 269 1810 306 sumitur
1855 282 1877 305 a

570 328 792 376 quantitate
832 327 1028 375 parcium,
1068 336 1111 363 ut
1150 327 1245 363 dicit
1284 327 1533 375 supposici03
1573 340 1666 375 ergo
1704 336 1876 375 oportet,

570 387 677 434 quod
727 394 908 421 sumatur
956 398 978 421 a
1027 386 1147 421 modo
1196 384 1463 430 coniunctivo,
1523 385 1589 434 qui
1638 385 1669 421 si
1717 385 1879 433 respicit

571 443 778 480 materiam
827 451 1017 491 quantam
1056 443 1116 479 vel
1155 442 1390 490 quantitatis
1436 442 1758 491 principativam,
1804 442 1878 479 erit

570 510 731 549 quanta,
772 514 863 537 cum
897 500 1099 548 quantitas
1139 502 1187 536 de
1218 513 1258 536 se
1291 500 1462 536 sumitur
1500 514 1521 537 a
1559 501 1628 537 tali
1667 502 1787 537 modo
1820 503 1912 536 re-5

568 559 761 607 spiciente
795 558 1019 604 materiam,
1053 566 1096 594 ut
1130 557 1279 594 dictum
1314 567 1383 594 est.
1417 558 1540 606 Igitur
1574 567 1646 594 etc.

627 619 890 653 CONCLUSIO:
918 617 1055 652 Solum
1079 615 1382 663 proposiciones
1404 616 1630 663 ypothetice
1653 615 1773 652 trium
1793 628 1878 664 spe-

568 674 717 710 cierum
743 702 750 710 .
777 703 784 710 .
810 703 816 710 .
842 683 879 709 et
902 686 1040 710 omnes
1073 674 1171 709 tales
1205 682 1296 709 sunt
1329 682 1478 721 quante
1512 673 1735 722 quantitate
1767 673 1877 721 prius

569 732 685 768 dicta.
721 733 845 777 Patet,
882 732 975 780 quia
1009 732 1137 768 solum
1172 731 1473 779 proposiciones
1504 731 1624 768 trium
1655 731 1877 779 specierum

569 791 715 826 habent
768 791 933 825 modum
987 789 1255 837 coniungendi
1308 789 1588 837 respicientem
1638 791 1686 825 de
1737 802 1777 825 se
1829 790 1937 825 adm

571 847 780 883 materiam
833 847 1136 895 quomodolibet
1188 856 1381 895 quantam
1423 848 1483 883 vel
1522 846 1727 895 qualitatis
1771 846 1879 895 prin-

570 905 798 953 cipativam,
831 914 873 941 ut
905 913 1015 953 patet
1049 906 1097 940 de
1129 905 1356 952 temporali,
1390 904 1508 941 locali
1539 913 1576 941 et
1605 904 1879 952 comparativa

570 963 789 1011 speciebus.
833 965 933 999 Nam
968 962 1064 998 ‘ubi’
1100 962 1260 1010 respicit
1292 962 1502 999 materiam
1536 962 1613 999 loci
1646 962 1880 1010 quantitatis

569 1020 720 1067 localis,
766 1022 958 1069 ‘quandff
1004 1020 1163 1068 respicit
1206 1028 1378 1068 tempus,
1423 1020 1523 1056 sicut
1568 1023 1733 1068 ‘quam³,
1779 1023 1881 1066 ‘tot³,

570 1081 710 1126 ‘quot³‚
744 1078 963 1126 respiciunt
996 1078 1254 1126 equalitatem
1287 1079 1348 1114 vel
1380 1078 1647 1115 diversitatem
1681 1079 1720 1114 in
1753 1078 1882 1126 gradi-
1902 1081 1938 1112 15

571 1138 662 1181 bus;
707 1149 782 1184 que
826 1135 1021 1184 equalitas
1066 1136 1126 1172 vel
1165 1135 1369 1172 diversitas
1409 1137 1604 1183 graduum
1644 1136 1882 1184 prerequirit

573 1194 882 1230 multidudinem
936 1194 1098 1240 talium;
1157 1195 1225 1230 sed
1285 1193 1500 1230 multitudo
1557 1203 1613 1230 est
1665 1194 1880 1242 quantitaS‚

571 1265 664 1299 ergo
698 1261 769 1288 etc.

629 1312 930 1346 CORROLARJUM
971 1316 1142 1343 PRIMUM:
1195 1310 1314 1345 Nulla
1361 1309 1590 1358 ypothetica
1638 1309 1879 1357 copulativa,

572 1367 821 1413 disiunctiva,
852 1367 1158 1413 condicionali&
1188 1367 1436 1415 explicativa‚
1461 1367 1643 1413 causalis,
1668 1367 1881 1403 racionalis
1899 1380 1938 1401 20

573 1435 629 1462 est
673 1435 843 1474 quanta3
896 1433 1018 1473 patet,
1066 1425 1158 1472 quia
1202 1424 1361 1461 illarum
1406 1426 1725 1473 ypotheticarum
1773 1425 1881 1460 modi

573 1484 758 1520 formales
792 1485 839 1519 de
872 1496 912 1519 se
945 1496 1025 1519 non
1058 1482 1276 1531 respiciunt
1299 1485 1349 1519 ad
1374 1483 1583 1520 materiam
1607 1491 1798 1531 quantam
1823 1483 1882 1519 vel

572 1541 807 1589 quantitatis
852 1540 1174 1589 principativam,
1215 1543 1282 1576 sed
1327 1551 1417 1577 sunt
1462 1541 1633 1578 absoluti
1678 1542 1727 1577 ab
1771 1540 1881 1576 omni

573 1599 740 1635 materia
775 1598 1034 1646 intellegibili‚
1076 1598 1252 1635 sensibili
1284 1600 1344 1635 vel
1377 1599 1648 1647 ymaginabili,
1693 1607 1735 1634 ut
1774 1606 1881 1646 patet

573 1657 742 1693 intuenti
779 1665 852 1693 etc.
1899 1659 1938 1690 25

896 1768 949 1806 De
977 1767 1188 1818 speciebus
1214 1768 1558 1819 ypothetIGarum.

633 1855 895 1889 SUPPOSICIO:
940 1854 1156 1890 Diversitas
1196 1854 1418 1902 specierum
1457 1852 1779 1901 ypotheticarum
1820 1865 1883 1888 ca-

574 1912 719 1959 pienda
764 1921 820 1948 est
866 1924 909 1948 ex
954 1912 1183 1948 diversitate
1229 1912 1338 1948 modi
1383 1924 1450 1948 seu
1496 1920 1608 1948 actus
1648 1910 1881 1958 principalis

574 1969 738 2006 uniendi
777 1969 951 2006 diversas
990 1970 1177 2006 veritates
1209 1969 1422 2018 signabiles
1454 1981 1525 2017 per
1557 1970 1730 2006 easdem.
1772 1970 1883 2004 Patet

574 2028 816 2075 supposicio,
857 2028 951 2076 quia
984 2027 1190 2064 diversitas
1223 2028 1447 2076 specierum
1480 2027 1520 2063 in
1552 2025 1791 2075 ypotheticis
1823 2026 1884 2062 vel
1900 2030 1941 2061 30

575 2094 763 2122 causatur
797 2087 926 2122 solum
959 2098 981 2121 a
1014 2094 1128 2134 parte
1160 2086 1260 2133 signi
1293 2086 1352 2122 vel
1385 2086 1514 2121 solum
1549 2098 1570 2121 a
1603 2092 1716 2132 parte
1739 2083 1883 2131 signati

573 2144 634 2179 vel
667 2145 715 2179 ab
748 2152 839 2180 actu
869 2143 1093 2191 principali.
1128 2143 1342 2180 Conclusio
1376 2152 1498 2191 patet,
1532 2155 1621 2179 cum
1654 2142 1783 2178 solum
1818 2141 1884 2177 illa

574 2201 650 2237 tria
673 2201 872 2238 sufficiant
900 2198 903 2254 Ι
934 2203 982 2238 ad
1006 2201 1329 2249 proposicionem
1354 2201 1640 2249 ypotheticam.
1667 2200 1743 2236 Sed
1759 2199 1884 2236 diver-
1901 2203 1938 2234 F.
1961 2202 2021 2243 184

574 2259 668 2295 sitas
700 2259 924 2306 specierum
949 2259 1178 2295 huiusmodi
1210 2272 1291 2295 non
1314 2267 1500 2295 causatur
1523 2271 1545 2294 a
1568 2257 1706 2306 primis
1730 2259 1884 2293 duobus

576 2317 718 2363 modis,
750 2330 844 2365 ergo
868 2330 889 2353 a
913 2317 1050 2353 tercio.
1085 2319 1173 2353 Non
1198 2330 1219 2353 a
1242 2316 1381 2364 primis
1405 2318 1560 2352 duobus
1585 2315 1733 2361 modis3
1762 2323 1882 2363 patet,
1901 2317 1940 2350 35

576 2387 665 2411 cum
700 2384 790 2421 stat,
824 2374 938 2422 signa
971 2384 1008 2410 et
1039 2374 1225 2411 veritates
1254 2387 1325 2422 per
1347 2376 1506 2411 easdem
1530 2373 1775 2421 significatas
1799 2385 1882 2409 esse

576 2432 734 2480 penitus
768 2434 921 2478 eadem,
956 2441 993 2468 et
1024 2441 1160 2468 tamen
1192 2445 1273 2469 non
1297 2440 1426 2468 essent
1450 2433 1625 2468 eiusdem
1649 2430 1807 2479 speciei,
1841 2439 1883 2466 ut

576 2499 685 2538 patet
716 2491 765 2526 de
796 2490 872 2526 illis
896 2490 1017 2538 signis
1039 2499 1076 2526 et
1098 2490 1330 2526 veritatibus
1354 2489 1449 2538 ipsis
1473 2488 1883 2537 correspontentibus,

577 2550 658 2584 ‘sor
691 2549 813 2584 currit
847 2557 883 2584 et
916 2549 1028 2584 Plato
1062 2548 1268 2595 disputat’,
1303 2551 1382 2584 ‘sor
1415 2547 1537 2584 currit
1569 2547 1629 2583 vel
1662 2547 1774 2582 Plato
1807 2545 1884 2581 dis-

578 2608 720 2653 putat³,
750 2605 817 2642 ubi
850 2606 1007 2654 penitus
1031 2614 1121 2642 sunt
1145 2607 1284 2642 eadem
1308 2605 1433 2654 signa,
1464 2614 1500 2641 et
1523 2604 1708 2641 veritates
1732 2605 1882 2649 eedem⁷
1898 2616 1943 2647 40

647 2759 672 2784 7,
710 2750 735 2778 8.
782 2751 852 2778 Post
895 2759 908 2777 s
935 2751 1067 2778 ecierum
1106 2751 1253 2778 excidisse
1288 2751 1450 2782 videntum
1469 2751 1595 2777 voculae
1637 2753 1707 2776 sunt
1744 2753 1885 2784 quantae.

577 2784 619 2812 32.
644 2785 739 2813 Cod.:
766 2786 811 2812 vel
835 2786 871 2812 ab
893 2794 907 2812 a
934 2790 1011 2812 actu.
1137 2785 1183 2817 30-
1206 2786 1309 2819 currit]
1331 2785 1418 2812 emt:
1438 2793 1452 2812 c
1474 2788 1502 2811 et
1521 2786 1564 2811 xic
1581 2787 1699 2819 postea.
