2056 3234
130 867 167 888 10

130 1144 164 1176 15

184 226 272 253 CAP-
294 225 332 252 V-
529 228 587 258 DE
615 227 735 259 ENTE
764 227 1183 258 PREDICAMENTALI.

183 343 318 369 tamen
351 346 431 369 non
463 342 519 369 est
552 346 689 377 unum,
735 332 811 368 nisi
856 332 1126 380 aggregative3
1175 344 1268 380 ergo
1302 332 1391 368 talis
1424 345 1490 380 ag-

184 390 367 438 gregacio
400 390 545 426 sufficit
578 392 627 426 ad
660 391 748 436 hoc,
782 391 890 438 quod
913 389 1139 426 substancie
1163 398 1374 437 aggregate
1398 402 1490 426 con-

183 448 350 484 stituant
381 460 502 484 unam
537 447 819 484 substanciam.

240 505 372 541 Minor
404 514 513 553 patet
546 518 589 541 ex
621 506 709 551 hoc,
743 506 851 553 quod
884 505 1013 541 omnis
1045 504 1178 541 unitas
1211 504 1490 541 substancialis

183 572 239 599 est
272 576 293 599 a
325 563 455 599 forma
487 562 764 608 substanciali3
798 564 866 598 sed
900 562 1052 599 diverse
1084 563 1211 599 forme
1244 562 1490 598 substancia-

181 622 235 656 les
279 620 319 656 in
363 620 493 668 specie
537 633 618 656 non
661 620 908 656 constituunt
951 633 1073 656 unam
1117 620 1192 656 nisi
1225 619 1489 668 aggregative,

183 678 277 727 quia
309 678 422 714 aliter
455 687 556 714 esset
588 690 798 725 processus
830 678 871 714 in
901 677 1103 713 infinitum
1137 677 1178 713 in
1210 677 1361 722 formis,
1396 689 1489 725 ergo

182 736 407 772 subiectum
451 735 731 772 immediatum
775 736 902 772 forme
949 735 1207 783 superaddite
1256 744 1312 771 est
1360 736 1488 770 solum

182 793 433 841 aggregative
455 806 595 839 unum,
630 802 667 829 et
700 805 770 841 per
801 793 906 829 idem
940 805 1097 829 servare
1130 801 1264 841 posset
1295 792 1490 828 unitatem

182 852 286 887 facta
318 851 588 898 separacione,
635 864 725 887 cum
772 850 968 887 distancia
1012 859 1049 886 et
1089 850 1367 898 propinquitas
1400 858 1492 886 sunt

183 908 486 956 impertinencia
519 910 569 945 ad
600 908 922 945 constituendam
956 908 1243 945 substanciam.
1297 910 1394 944 Item
1434 917 1490 943 est

183 968 277 1002 dare
311 966 559 1002 substancias
591 966 667 1002 sibi
700 966 872 1003 invicem
906 967 1179 1012 succedentes,
1226 978 1302 1014 que
1347 965 1491 1001 consti—

182 1032 299 1060 tuunt
331 1037 452 1060 unam
486 1023 758 1060 substanciam
782 1023 1062 1070 successivam,
1097 1037 1189 1071 ergo
1214 1024 1340 1059 multo
1365 1023 1490 1070 magis

183 1081 366 1118 convenit
389 1081 636 1118 substancias
659 1081 778 1117 simul
799 1081 907 1118 iuxta
930 1081 1080 1129 positas
1104 1080 1345 1118 constituere
1368 1093 1490 1116 unam

182 1139 445 1187 aggregative.
497 1141 747 1175 Antecedens
790 1148 899 1187 patet
944 1151 987 1175 ex
1038 1140 1126 1185 hoc,
1180 1140 1288 1187 quod
1339 1139 1490 1184 lumen,

181 1210 301 1233 sonus
335 1206 371 1233 et
405 1206 535 1233 motus
568 1206 735 1244 possunt
766 1196 985 1234 successive
1009 1196 1248 1242 continuari,
1282 1197 1376 1232 dum
1401 1197 1492 1232 sub-

181 1254 326 1290 iectum
374 1267 512 1290 eorum
559 1264 616 1291 est
659 1254 903 1302 percibiliter
954 1254 1201 1302 ingenerari3
1255 1266 1345 1290 cum
1399 1266 1491 1301 ergo

181 1321 338 1361 oportet
360 1324 479 1348 omne
502 1313 580 1348 tale
613 1312 798 1348 accidens
831 1313 976 1349 habere
1009 1312 1370 1360 proporcionaliter
1401 1313 1492 1347 sub-

181 1369 328 1406 iectum
363 1369 680 1416 denominatum,
721 1369 914 1419 sequitur,
949 1371 1056 1418 quod
1094 1378 1253 1418 oportet
1285 1382 1369 1405 esse
1402 1370 1492 1405 sub-

182 1427 378 1463 stanciam
411 1427 689 1473 successivam,
736 1437 773 1464 et
805 1441 876 1475 per
907 1428 1027 1473 idem,
1075 1441 1165 1464 cum
1199 1440 1320 1463 sonus
1352 1427 1401 1463 sit
1433 1427 1492 1462 in-

183 1486 422 1533 terpolatus,
485 1494 562 1521 stat
623 1485 867 1522 substancia]
931 1485 1216 1533 interpolatam
1278 1486 1492 1521 succedere

183 1543 442 1579 subiectando
471 1544 613 1579 solum.
648 1545 695 1579 Et
728 1543 987 1579 confirmacio
1019 1542 1136 1579 huius
1169 1552 1226 1579 est
1259 1544 1306 1579 de
1338 1555 1492 1579 succes-

182 1601 291 1637 sione
325 1600 478 1648 generis
511 1600 721 1637 relacionis
744 1601 784 1637 in
810 1601 1005 1649 quotlibet
1028 1601 1225 1638 linearum
1250 1600 1490 1638 substancie.

183 1660 279 1694 Item
305 1687 310 1693 .
338 1687 344 1693 .
371 1688 377 1693 .
403 1689 410 1696 .

253 1780 292 1807 16.
318 1780 411 1807 Cocl.:
432 1779 502 1808 mo‘.)
527 1782 568 1814 (z
590 1781 717 1814 modus).
827 1790 866 1816 ¹7-
888 1782 971 1817 pcibr
992 1781 1202 1817 (percihililer)
1224 1782 1308 1809 locus
1327 1784 1490 1816 suspectus.

182 1874 268 1906 ἄλλα
287 1882 319 1906 et
337 1876 416 1907 Met.
430 1876 490 1907 VII
510 1877 539 1909 3.
560 1875 616 1930 (hg
637 1876 791 1917 antiquis
813 1876 907 1917 edd)
928 1875 1035 1907 VII
1018 1884 1046 1913 0,
1067 1876 1117 1908 ed
1138 1877 1212 1907 Pas
1218 1876 1245 1908 is
1266 1875 1313 1907 II
1326 1877 1409 1915 539,
1433 1877 1493 1907 21.-

182 1919 331 1962 Λέγεται
349 1919 380 1952 δ’
397 1918 419 1963 ἡ
438 1920 555 1969 οὐσία,
581 1919 612 1953 εἰ
629 1919 676 1963 μὴ
702 1922 916 1965 πλεοναχῶς,
944 1920 1014 1953 ἀλλ’
1032 1919 1071 1953 ἐν
1088 1921 1254 1964 τέτταρσί
1268 1932 1307 1963 γε
1323 1920 1490 1964 μάλιστα·

182 1965 242 1999 καὶ
265 1965 332 2021 γὰρ
357 1967 396 1999 τὸ
423 1965 459 1998 τί
482 1968 525 2009 ἠν
550 1961 642 1999 εἶναι
666 1979 726 1999 και
750 1968 789 2000 τὸ
816 1966 978 2000 καθόλου
1004 1966 1063 2000 καὶ
1088 1968 1128 2000 τὸ
1155 1967 1257 2009 γένος
1273 1966 1379 2000 οὐσία
1396 1966 1495 2000 δοκεῖ

184 2008 274 2045 εἶναι
299 2010 450 2045 ἑκάστου
474 2011 534 2045 καὶ
558 2013 730 2069 τέταρτον
754 2016 883 2046 τοῦτον
907 2014 945 2046 τὸ
971 2012 1218 2056 ὑποκείμενον.
1261 2015 1313 2046 Τὸ
1346 2013 1377 2045 δ’
1402 2012 1491 2046 ὑπο-

182 2058 346 2101 κείμενόν
376 2056 450 2090 ἐστι
481 2059 567 2092 καθ’
593 2056 636 2092 οὗ
667 2058 711 2091 τὰ
743 2058 829 2092 ἄλλα
859 2059 1004 2101 λέγεται,
1038 2057 1150 2092 ἐκεῖνο
1183 2059 1222 2092 δὲ
1254 2059 1342 2093 αὐτὸ
1368 2058 1493 2102 μηκέτι

182 2105 259 2137 κατ’
285 2104 401 2137 ἄλλου.

1726 231 1777 265 47
