2056 3234
254 178 344 207 CAP-
365 178 431 206 XII·
577 182 636 213 DE
663 181 786 213 ENTE
813 181 1234 214 PREDICAMENTALI.
1777 188 1786 210 1
1806 175 1848 211 ¹5

255 301 334 337 quo
367 289 692 325 Commentator:
742 289 926 335 „Movere
965 296 1003 325 et
1041 288 1193 325 moveri
1223 301 1304 325 non
1335 298 1427 326 sunt
1458 289 1564 327 idem

254 347 473 382 secundum
497 345 749 395 quiditatem,
774 346 867 395 quia
899 345 1094 383 diffinicio
1127 359 1264 383 eorum
1300 356 1357 384 est
1389 346 1564 393 diversa3

255 416 415 441 movere
455 412 512 440 est
551 403 657 441 enirn
703 404 813 441 accio
859 404 1025 442 motoris
1070 404 1111 441 in
1154 417 1237 442 rem
1284 413 1451 452 motam,
1497 408 1566 443 sed

256 461 406 499 moveri
430 470 487 498 est
509 461 641 510 passio
666 462 801 499 motia
817 464 1021 510 motore'';
1046 475 1137 500 cum
1152 475 1247 511 ergo
1266 463 1377 500 accio
1397 464 1565 501 motoris

220 524 237 557 5
253 518 303 556 sit
334 519 464 556 facere
497 528 650 556 motum
684 519 725 556 in
748 520 912 569 aliquid,
947 530 989 557 ut
1012 520 1108 557 dicit
1131 522 1436 559 Commentator
1458 534 1566 559 corn-

255 585 389 614 mento
419 577 501 623 180,
535 586 658 626 patet,
691 579 799 627 quod
832 578 1098 627 distingwitur
1128 579 1351 616 formaliter
1383 592 1406 616 a
1438 588 1564 617 motu.

254 636 367 671 Patet
406 647 498 683 ergo
531 648 602 683 per
640 636 820 684 exempla
852 636 1091 683 Aristotelis,
1130 637 1232 685 quod
1262 650 1343 674 non
1382 638 1566 675 concedit

253 691 328 729 ista
350 692 587 739 formaliter,
621 694 691 730 sed
714 694 929 731 causaliter
960 693 1160 743 predicari
1184 696 1231 731 de
1263 707 1304 732 se
1327 695 1441 743 ipsis;
1475 695 1565 733 ideo

253 759 391 787 notata
423 750 570 799 triplici
609 751 852 799 probacione
893 753 941 789 de
985 751 1277 790 universalibus
1322 762 1360 790 et
1403 753 1566 803 equivo-

200 824 238 845 10
255 808 419 845 cacione
442 808 637 857 premissa
670 811 717 846 de
750 809 916 847 accione
950 819 987 847 et
1010 810 1196 859 passione
1229 810 1323 848 satis
1356 812 1566 849 solvuntur

255 865 362 903 dicta
394 875 583 903 autorum
617 867 657 903 in
688 866 764 904 ista
797 867 978 905 materia.

312 923 488 962 Ulterius
530 924 689 972 dicitur,
730 927 840 974 quod
873 926 985 963 accio
1026 925 1174 963 dicitur
1206 926 1445 973 immanens,
1485 940 1567 964 non
1592 933 1799 969 Explanation
1825 933 1861 962 of

253 982 397 1028 solum,
431 982 527 1031 quia
561 992 618 1020 est
650 983 866 1021 subiective
890 984 930 1020 in
962 993 1118 1033 agente,
1153 997 1244 1021 cum
1269 985 1344 1022 hoc
1376 985 1425 1022 sit
1458 998 1566 1022 com·
1586 969 1856 1032 Ῐῗῃῗῃξὲξιῐὲφῗςαξιίιῖε

254 1053 374 1077 mune
407 1049 548 1089 agente
581 1050 825 1089 transeunte,
859 1043 928 1078 sed
953 1042 1046 1091 quia
1079 1051 1136 1079 est
1165 1052 1277 1080 actus
1309 1056 1391 1080 non
1415 1044 1564 1080 habens
1584 1040 1673 1066 actus
1691 1038 1850 1067 transiens

199 1103 235 1136 15
253 1097 456 1135 obiectum
502 1099 773 1136 essencialiter
810 1109 918 1137 extra
955 1113 1071 1137 suum
1105 1100 1343 1147 subiectum,
1384 1101 1424 1137 in
1457 1102 1564 1150 quod
1591 1073 1843 1136 wnthtgetffigence

963 1158 971 1164 .
1113 1158 1120 1164 .
1529 1160 1536 1165 .
1603 1142 1774 1178 objections
1795 1151 1834 1170 on

253 1165 358 1205 agat,
391 1158 653 1204 producendo
687 1170 799 1194 suam
834 1171 1057 1207 agenciam,
1091 1167 1194 1196 sicut
1228 1168 1286 1196 est
1319 1161 1367 1196 de
1399 1172 1565 1208 agenc1a
1664 1186 1692 1213 p,
1715 1176 1773 1206 103.

252 1222 497 1252 transeunte.
540 1217 652 1252 Unde
685 1215 795 1252 omni
829 1225 921 1253 actu
961 1216 1208 1253 immanente
1241 1226 1423 1254 creature
1455 1217 1566 1266 prius

253 1281 311 1309 est
333 1273 469 1320 passio
492 1274 541 1310 ab
565 1273 724 1310 obiecto
747 1276 856 1323 quod
874 1274 1127 1321 terminatur,
1163 1284 1199 1312 et
1222 1284 1312 1323 post
1336 1284 1394 1312 est
1417 1275 1565 1313 eleccio

253 1339 365 1367 actus
398 1330 669 1368 immanentis.
713 1334 761 1369 Et
794 1332 920 1369 tercio
954 1342 1145 1369 secuntur
1183 1333 1472 1381 disposiciones
1504 1334 1565 1371 vel

196 1403 238 1425 20
253 1388 425 1425 habitus.
469 1390 547 1425 Sed
579 1389 767 1438 opposito
801 1392 921 1427 modo
955 1399 1011 1427 est
1050 1391 1089 1427 in
1123 1391 1287 1428 accione
1318 1400 1564 1429 transeunte.

254 1446 366 1483 Prius
399 1455 456 1483 est
489 1447 651 1495 agencia
683 1447 864 1495 subiecti,
898 1458 988 1497 post
1012 1449 1144 1497 passio
1177 1449 1359 1496 subiecti,
1394 1449 1435 1486 in
1458 1451 1566 1499 quod

254 1517 374 1552 agens
407 1504 500 1553 agit,
536 1514 572 1541 et
606 1505 732 1542 tercio
765 1506 947 1555 sequitur
981 1515 1113 1544 motus
1146 1507 1186 1544 in
1218 1520 1350 1556 passo,

312 1564 404 1599 Ideo
438 1563 585 1600 eleccio
618 1572 731 1601 actus
764 1564 1054 1613 cuiuscumque
1089 1574 1270 1602 creature
1294 1565 1390 1602 dicit
1422 1565 1566 1602 infalli-
1580 1572 1681 1608 Every
1700 1573 1803 1600 action
1824 1572 1859 1601 of

254 1619 386 1657 biliter
429 1620 511 1657 eius
564 1622 874 1659 mutabilitatem
923 1632 960 1659 et
1004 1624 1203 1660 actualem
1249 1632 1419 1670 motum,
1473 1636 1563 1660 cum
1581 1613 1854 1671 deacrlgrgsressiffieto

198 1682 236 1714 25
255 1679 376 1715 homo
398 1691 479 1715 non
502 1679 606 1716 elicit
629 1689 763 1717 actum
789 1682 836 1717 de
858 1693 974 1728 novo,
1004 1680 1080 1717 nisi
1104 1690 1312 1718 moveatur
1335 1683 1383 1718 ab
1407 1681 1566 1718 obiecto
1608 1677 1831 1741 bghjhlbjee‘gtnff

105 1741 143 1772 F.
173 1750 237 1783 217
256 1749 299 1773 ex
327 1733 332 1789 Ι
361 1736 592 1784 extrinseco,
622 1747 665 1774 ut
689 1738 825 1787 aliquo
849 1738 1026 1775 sensibili
1052 1748 1235 1776 movente
1258 1751 1417 1776 sensum
1442 1739 1565 1788 parti-
1625 1721 1813 1787 movegment,

253 1795 428 1831 cularem
468 1796 528 1831 vel
569 1808 590 1832 a
624 1796 709 1832 celo
749 1796 952 1847 influente,
986 1806 1029 1833 ut
1066 1806 1176 1845 patet
1215 1799 1263 1834 de
1302 1797 1495 1846 sompniis
1529 1806 1566 1834 et
1585 1783 1854 1853 a)be1‘}¹{}{,¹}¹SC³g}y’

253 1852 503 1889 naturalibus
548 1853 790 1902 propheciis.
837 1854 877 1891 Si
923 1856 972 1891 ab
1021 1855 1253 1901 intrinseco,
1299 1864 1395 1892 tunc
1439 1856 1500 1892 vel
1543 1868 1566 1892 a
1645 1860 1790 1914 Scegffgsetiffi'

254 1910 529 1958 complexione
574 1911 755 1960 corporis
800 1912 983 1960 subiecti,
1036 1921 1079 1949 ut
1123 1922 1233 1961 patet
1280 1914 1328 1949 de
1371 1912 1565 1961 sompniis
1627 1921 1810 1961 inhermes:

197 1973 239 2006 30
257 1968 519 2015 medicorum,
554 1969 839 2007 attestantibus
873 1970 1192 2019 complexionem
1217 1970 1484 2019 sompniantis
1506 1971 1567 2008 vel
1591 1956 1845 2027 lgyussffssggfflgagff

254 2038 275 2062 a
307 2025 399 2062 forti
423 2026 684 2075 impressione
717 2027 916 2065 sensibilis
945 2028 986 2064 in
1017 2041 1135 2065 sensu
1163 2028 1357 2075 interiori,
1390 2038 1434 2065 ut
1457 2037 1566 2077 patet
1616 2026 1825 2053 monomania.

253 2084 301 2120 de
339 2084 593 2133 philocaptis‚
633 2085 700 2134 qui
733 2085 846 2134 quasi
885 2085 1001 2122 inniti
1038 2086 1333 2123 necessitantur
1371 2088 1421 2123 ad
1459 2086 1566 2135 cogi-

253 2143 419 2178 tandum
453 2142 655 2190 vigilando
689 2152 727 2180 et
759 2143 998 2180 dormiendo
1037 2145 1085 2181 de
1117 2144 1382 2191 sensibilibus,
1422 2144 1566 2193 quibus

253 2199 495 2238 afficiuntur.

197 2260 237 2295 35
311 2259 426 2294 Unde
465 2265 502 2294 et
534 2259 730 2307 prophete
762 2260 966 2296 naturales
1000 2260 1128 2296 solent
1160 2259 1320 2296 latitare
1354 2259 1493 2296 diebus
1525 2259 1566 2296 in

212 2320 215 2323 ’
253 2314 378 2355 antris
411 2317 461 2352 ad
494 2318 734 2354 servandum
768 2329 906 2353 sensus
929 2329 951 2353 a
975 2317 1195 2366 peregrinis
1218 2317 1564 2368 impressionibus,

253 2381 296 2409 ut
333 2374 394 2410 vel
426 2373 481 2410 sic
515 2373 613 2411 fiant
645 2374 929 2423 disposiciores
962 2375 1169 2412 nocturnis
1201 2375 1426 2412 influenciis
1466 2376 1565 2412 cele-

254 2430 393 2467 stibus.
427 2432 542 2468 Unde
574 2435 691 2470 Num.
728 2436 802 2479 240
837 2432 941 2469 Dicit
973 2433 1169 2470 Balaam.
1196 2462 1203 2469 .
1229 2462 1236 2468 .
1263 2463 1271 2470 .
1306 2434 1353 2470 de
1385 2446 1426 2470 se
1458 2433 1564 2481 ipso:

322 2584 342 2604 1.
360 2576 455 2604 Cod.:
473 2575 562 2612 super
581 2583 615 2612 q⁰
635 2577 721 2621 9into
736 2581 779 2612 9ω
794 2578 873 2612 (sic).
974 2586 1004 2612 4.
1027 2577 1122 2606 Cod.:
1147 2577 1271 2606 motori.
1372 2585 1398 2613 7.
1421 2578 1512 2614 Quod
1534 2578 1564 2606 in

252 2622 358 2650 codice
371 2623 510 2650 omissum
524 2623 642 2650 addidi.
733 2622 776 2651 38.
792 2624 865 2651 Post
880 2624 1001 2651 Balaam
1017 2625 1128 2652 lacuna
1143 2631 1166 2658 4
1169 2624 1248 2659 fere
1261 2624 1437 2652 litterarum
1451 2624 1482 2652 in
1497 2624 1564 2652 cod.

322 2704 354 2737 6.
389 2706 442 2749 Cf.
467 2716 577 2749 supra
604 2717 643 2749 p.
669 2707 741 2738 114.
884 2708 936 2740 32.
976 2707 1197 2749 Philocaptis]
1235 2708 1408 2751 Ducange
1443 2708 1566 2739 Gloss:

251 2752 478 2794 philocaptus
503 2762 627 2786 amore
650 2758 787 2795 captus.
876 2753 929 2786 38.
948 2754 1054 2786 Num.
1072 2755 1130 2793 24,
1150 2756 1184 2788 3.
1211 2755 1288 2793 Dei,
1314 2754 1374 2796 qui
1397 2754 1564 2786 visionem

199 2797 203 2799 ”
253 2799 506 2839 omnipotentis
539 2799 636 2841 Vulg.
661 2799 759 2831 cadit
788 2799 886 2842 Vulg.

1376 2855 1426 2888 830
