2056 3234
254 180 326 214 160

246 1858 314 1885 The
334 1856 393 1883 will
416 1856 450 1882 of
467 1856 515 1882 the

256 1896 392 1919 creature
413 1891 438 1917 is
459 1895 511 1917 uot

248 1928 276 1954 iu
302 1927 386 1954 itselt‘
404 1926 479 1957 bach
501 1925 522 1952 it

257 1963 371 1997 always
392 1961 509 1988 desii-cs

294 2005 309 2023 a
330 1996 421 2031 good⁷
441 2004 476 2022 or

254 2036 402 2066 apparent
422 2032 514 2065 good.

971 184 1194 216 ,IOHANNIS
1219 183 1388 215 WlCLIF
1640 181 1727 207 CAl'-
1749 181 1832 207 XVll

535 289 866 338 respondenciam
901 290 950 325 ad
983 289 1183 325 iusticiam
1224 298 1291 325 aut
1330 288 1586 334 iniusticiam,
1633 302 1709 337 que
1742 290 1844 325 foret

534 348 574 384 in
606 359 795 395 suprema
826 346 1014 394 potencia
1046 346 1259 383 racionalis
1300 355 1499 391 creature3
1544 359 1620 395 que
1659 347 1845 394 potencia

535 415 592 442 est
623 405 680 442 vis
711 404 906 450 volutiva3
946 417 1035 440 cum
1071 416 1164 452 ergo
1197 403 1320 441 nichil
1360 405 1477 440 habet
1510 417 1580 452 per
1613 417 1652 440 se
1685 413 1753 440 aut
1785 405 1844 440 in-

534 462 812 511 separabiliter
856 461 1181 509 predicacionem
1226 474 1303 510 que
1347 461 1448 498 inest
1496 462 1570 498 sibi
1611 463 1658 499 ab
1703 462 1844 498 intrin-

534 534 625 558 seco
670 519 971 557 accidentaliter
1015 519 1266 567 respiciente,
1319 520 1511 568 sequitur,
1560 521 1667 568 quod
1712 521 1877 556 nullus5

535 588 644 616 actus
689 577 931 614 extrinsecus
977 576 1027 613 sit
1070 577 1125 614 sic
1165 578 1305 614 malus.
1361 577 1538 623 Quilibet
1583 578 1686 614 enim
1733 587 1844 614 actus

535 637 777 674 extrinsecus
810 644 945 683 posset
978 635 1064 671 fieri
1097 635 1203 671 idem
1237 635 1277 671 in
1309 647 1492 680 numero,
1528 644 1564 671 et
1596 635 1627 671 si
1659 636 1844 672 voluntas

533 708 614 731 non
653 693 770 730 fuerit
809 693 966 738 viciata,
1014 706 1103 729 cum
1142 693 1288 729 vicium
1328 706 1408 729 non
1449 693 1670 729 individuat
1709 702 1843 730 actum

535 752 799 789 extrinsecum
834 764 913 799 quo
946 752 995 787 ad
1029 759 1212 787 naturam
1255 760 1379 798 actus,
1424 752 1492 787 sed
1525 764 1605 799 quo
1639 752 1688 787 ad
1721 763 1844 799 genus

536 823 713 855 morum3
747 809 848 845 sicut
878 808 1085 856 religiosus
1109 818 1145 845 et
1169 809 1358 845 secularis
1383 818 1473 845 sunt
1498 809 1673 845 eiusdem
1698 808 1844 856 speciei
1865 822 1903 842 10

534 877 688 913 nature,
741 867 834 903 licet
876 866 953 903 sint
998 867 1245 903 diversorum
1291 879 1481 915 generum
1526 880 1605 914 quo
1651 868 1699 903 ad
1746 866 1844 902 ritus

534 935 676 963 nature
720 924 991 968 accidentalis,
1038 924 1094 960 sic
1135 934 1245 961 actus
1286 924 1447 961 moralis
1487 933 1523 960 et
1554 924 1726 961 viciosus
1765 937 1844 972 quo

535 986 584 1020 ad
616 992 803 1019 naturam
837 991 949 1018 actus
990 982 1244 1034 conveniunt,
1285 982 1377 1019 licet
1410 982 1596 1018 differant
1629 982 1668 1018 in
1701 994 1844 1030 genere

536 1042 678 1085 moris3
728 1041 803 1076 hoc
848 1049 981 1077 autem
1028 1048 1085 1076 est
1129 1040 1206 1076 illis
1251 1040 1511 1083 accidentale,
1560 1049 1601 1076 ut
1646 1048 1755 1088 patet
1801 1052 1845 1076 ex

536 1097 855 1136 circumstanciis
889 1097 1199 1134 bonificantibus
1233 1107 1344 1134 actus
1378 1098 1598 1134 moraliter.
1865 1099 1901 1131 15

593 1159 650 1193 De
673 1156 852 1205 quolibet
885 1168 979 1204 ergo
1013 1164 1105 1191 actu
1138 1155 1310 1203 simplici
1342 1155 1558 1192 intrinseco
1581 1164 1691 1203 patet
1723 1155 1842 1191 idem.

535 1218 637 1251 Nam
670 1227 751 1250 non
785 1223 842 1250 est
875 1214 986 1250 color
1019 1213 1194 1262 aliquem
1228 1222 1361 1250 actum
1395 1226 1478 1250 esse
1511 1226 1580 1261 per
1613 1226 1653 1249 se
1677 1214 1842 1258 malum,

534 1273 608 1309 nisi
642 1272 759 1308 fuerit
793 1280 904 1308 actus
936 1271 1168 1317 voluntatis,
1216 1271 1309 1320 quia
1348 1272 1501 1307 nullum
1541 1272 1746 1308 intendere
1786 1280 1842 1307 est

535 1331 590 1367 sic
625 1331 787 1374 malum,
823 1342 913 1365 cum
947 1331 1111 1377 planum
1145 1329 1206 1374 sit,
1242 1331 1349 1378 quod
1382 1330 1588 1366 intendere
1622 1330 1843 1377 quodcum-

535 1401 611 1436 que
645 1388 795 1424 malum
828 1387 931 1423 inest
965 1390 1047 1423 Deo
1080 1387 1164 1424 sine
1197 1397 1374 1434 peccato,
1410 1396 1446 1423 et
1479 1387 1534 1424 sic
1567 1386 1728 1422 indubie
1759 1395 1841 1423 tarn
1860 1399 1901 1420 20

535 1446 767 1493 intelligere,
813 1457 935 1493 quam
980 1444 1080 1481 scire
1123 1446 1407 1494 quodcumque
1446 1446 1595 1481 malum
1636 1453 1765 1492 potest
1804 1444 1844 1480 in

535 1515 789 1552 quocumque
823 1502 984 1539 homine
1008 1502 1062 1539 sic
1097 1503 1456 1547 circumstanciari‚
1491 1504 1598 1551 quod
1623 1502 1671 1539 sit
1694 1503 1843 1538 bonum

535 1571 571 1598 et
603 1574 685 1598 non
725 1561 890 1605 malum,
931 1560 1024 1608 quia
1065 1560 1280 1609 quicquam
1315 1561 1393 1597 alia
1425 1561 1481 1597 vis
1514 1560 1619 1606 fecit,
1659 1572 1739 1596 non
1772 1560 1844 1596 im-

534 1628 699 1667 putatur
738 1620 788 1655 ad
828 1618 977 1655 malum
1018 1619 1057 1654 in
1090 1617 1177 1665 ipsa
1217 1618 1364 1665 divina,
1409 1618 1635 1655 inordinate
1680 1630 1844 1654 consen-

535 1678 682 1720 ciente;
728 1677 831 1721 ideo,
871 1676 901 1712 si
942 1676 1059 1712 alicui
1099 1676 1205 1712 actui
1245 1690 1315 1725 per
1352 1689 1392 1713 se
1431 1677 1485 1713 sic
1526 1676 1900 1724 inseparabiliter25

535 1735 636 1771 inest
670 1734 843 1779 malicia,
878 1735 952 1770 hoc
976 1734 1183 1781 potissime
1206 1735 1308 1771 foret
1331 1735 1488 1771 volente
1512 1743 1708 1780 creatura,
1734 1734 1844 1770 cuius

536 1792 694 1829 volucio
728 1793 828 1828 foret
861 1791 916 1828 sic
950 1793 1068 1829 mala.

596 1851 672 1887 Sed
706 1858 843 1886 contra
876 1849 999 1885 nichil
1032 1858 1162 1898 potest
1185 1862 1268 1886 esse
1290 1850 1472 1896 volitum,
1506 1849 1581 1885 nisi
1614 1850 1846 1898 apparendo

538 1921 621 1945 esse
660 1910 830 1953 bonum;
875 1908 943 1943 sed
982 1909 1089 1944 nulla
1127 1908 1285 1945 volucio
1324 1917 1457 1945 creata
1496 1909 1545 1943 ad
1584 1908 1757 1944 volubile
1789 1920 1846 1943 se-

538 1968 713 2003 cundum
759 1965 867 2002 illam
913 1966 1115 2002 racionem
1160 1978 1231 2014 per
1274 1979 1314 2002 se
1358 1965 1677 2013 inseparabiliter
1723 1967 1905 2011 mala330

538 2037 632 2072 ergo
670 2024 780 2060 nulla
817 2023 974 2060 volucio
1013 2032 1143 2072 potest
1172 2020 1176 2076 Ι
1206 2037 1289 2060 6336
1321 2024 1376 2060 sic
1409 2024 1527 2060 mala.
1572 2023 1701 2059 Maior
1739 2032 1847 2071 patet
1864 2026 1901 2057 F.
1921 2024 1985 2056 228

537 2095 607 2130 per
630 2083 717 2127 hoc,
753 2082 860 2130 quod
883 2081 1056 2118 volubile
1079 2082 1119 2118 in
1143 2091 1338 2130 quantum
1364 2081 1593 2118 huiusmodi
1619 2090 1674 2117 est
1699 2083 1846 2117 bonum

536 2141 597 2176 vel
630 2152 830 2188 apparens
863 2141 1034 2185 bonum;
1069 2152 1159 2176 cum
1196 2152 1289 2187 ergo
1323 2139 1498 2188 primum
1534 2148 1570 2175 et
1603 2140 1847 2187 adequatum

538 2198 739 2234 obiectum
784 2197 994 2233 intendens
1040 2207 1097 2234 est
1142 2198 1329 2244 volubile,
1383 2197 1562 2246 sequitur
1607 2197 1748 2233 maior.
1802 2199 1849 2233 Et

539 2255 669 2291 minor
712 2257 907 2303 probatur
952 2254 1027 2291 sic:
1074 2255 1132 2292 Sit
1165 2257 1196 2291 A
1230 2256 1386 2292 volucio
1435 2264 1567 2291 creata
1601 2256 1649 2291 ad
1684 2257 1725 2299 B,
1772 2267 1849 2303 que
1866 2256 1906 2288 35

539 2314 587 2349 sit
620 2313 941 2361 inseparabiliter
982 2314 1100 2350 mala.
1147 2314 1298 2350 Contra
1332 2315 1359 2349 Β
1393 2322 1523 2361 potest
1562 2325 1645 2349 esse
1685 2314 1848 2358 bonum,

539 2384 633 2419 crgo
671 2371 771 2407 velle
806 2373 834 2407 B
868 2379 1000 2418 potest
1045 2383 1128 2407 esse
1173 2372 1337 2416 bonum,
1385 2383 1478 2418 ergo
1522 2383 1602 2406 non
1647 2379 1703 2406 est
1749 2370 1849 2406 inse-

538 2429 772 2477 parabiliter
806 2429 970 2464 malum.
1005 2429 1136 2465 Minor
1160 2438 1269 2476 patet
1293 2442 1335 2465 ex
1359 2428 1474 2464 dictis
1498 2428 1708 2476 posterius,
1742 2429 1849 2476 quod

538 2499 609 2522 nec
643 2487 867 2522 intellectus
908 2495 1077 2533 creatus,
1117 2499 1190 2522 nec
1229 2487 1430 2523 increatus
1469 2495 1597 2533 potest
1638 2486 1735 2527 fieri,
1775 2485 1849 2521 nisi

539 2545 579 2580 in
613 2544 724 2590 illud,
771 2545 877 2592 quod
919 2553 1050 2591 potest
1090 2557 1192 2589 esse3
1237 2557 1309 2580 nec
1341 2545 1525 2580 voluntas
1557 2543 1631 2579 nisi
1666 2543 1704 2578 in
1738 2543 1908 2589 illud,40

540 2603 648 2649 quod
693 2611 822 2649 potest
867 2614 950 2637 csse
995 2603 1157 2638 bonum.
1214 2602 1485 2638 Confirmatur
1524 2614 1566 2637 ex
1601 2603 1689 2643 lioc,
1742 2602 1850 2648 quod

540 2659 788 2707 amplissima
832 2660 1014 2695 voluntas
1062 2659 1261 2706 possibilis
1300 2669 1356 2695 est
1394 2660 1577 2695 voluntas
1622 2658 1769 2704 divina,
1815 2667 1851 2694 et

610 2814 638 2838 4.
664 2804 737 2832 Cod.
749 2814 757 2830 .·
780 2796 878 2839 βάρι.
