2056 3234
758 174 1000 205 GENERAL
1026 173 1190 204 INDEX.

127 276 339 306 Duocedron
365 283 418 317 57,
438 284 468 309 2.

126 322 305 362 Dyabolus
332 322 408 353 vide
435 323 580 356 Lucifer,

128 386 167 390 -
196 369 227 398 ei
243 368 332 398 inest
349 378 516 399 summum
535 378 641 409 genus
659 369 791 399 malicie
808 377 882 410 172,
902 377 939 409 13

126 432 168 436 —-
195 414 348 454 peccavit
392 414 542 446 volendo
590 415 655 445 sibi
698 415 827 446 bonum
869 417 953 446 utile

200 466 274 500 175,
302 460 337 498 63
365 462 408 502 cf.
429 471 466 501 p.
499 469 573 501 177,
602 469 631 500 5.

126 563 198 593 Ens
225 562 308 603 quid
335 570 364 600 2,
393 563 434 592 28
461 572 506 594 ss.

124 626 168 631 —-
194 609 318 639 dicitur
344 609 386 639 de
411 609 505 639 omni
531 610 691 649 signabili
718 618 747 648 2,
776 618 829 651 27.

124 672 165 677 υ·
192 654 255 685 sub
274 665 315 685 eo
333 655 559 686 univocantur
577 656 692 686 onmia
709 656 806 696 signa
828 657 878 697 16,
898 665 950 688 22.
985 646 987 660 Ι

126 718 169 722 -
195 704 247 731 651
272 701 469 740 ambiguum
496 709 549 740 33,
577 709 607 731 2.

124 764 167 768 --
193 756 257 777 nec
272 756 330 777 ens
345 757 408 777 nec
417 747 574 778 accidens
590 758 696 787 genus
710 748 844 789 loycum
856 756 908 787 30,
923 757 950 780 1.

127 811 171 815 —
196 793 360 823 terminus
387 793 440 830 28,
468 800 521 832 33.

124 856 166 860 —
191 840 246 869 De
283 843 360 869 ente
392 839 546 880 triplices
581 839 735 870 raciones
768 848 821 879 30,
854 842 872 870 6
905 851 949 874 ss.

124 903 164 907 ——
192 886 264 915 Ens
290 889 322 915 et
348 895 401 915 res
428 885 481 925 76,
509 893 550 915 22
578 896 621 918 55.

126 949 166 953 —
193 931 483 972 predicamentale
512 939 539 966 1,
566 940 602 970 4;
632 938 660 971 5,
691 940 718 964 1.

127 995 160 998 >-
192 976 407 1017 intelligendi
433 981 485 1007 est
509 978 650 1018 ydolum
677 985 753 1018 305,
783 987 823 1017 14

121 1023 299 1063 Equalitas
313 1023 422 1064 prima
435 1024 587 1054 omnium
600 1025 809 1055 relacionum
826 1026 878 1062 64,
899 1033 935 1065 15

122 1069 358 1110 Equivocacio
384 1069 461 1101 vide
486 1070 700 1101 univocacio.

120 1116 217 1152 Esse,
245 1119 305 1153 est,
333 1115 417 1156 quid
436 1115 605 1156 significet
632 1124 708 1154 211,
728 1125 787 1157 223
815 1125 891 1155 212,
915 1126 946 1153 1;

193 1169 270 1199 212,
298 1169 351 1201 34.

120 1225 164 1230 —-
188 1207 405 1247 intelligibile
434 1208 507 1247 146⁷
537 1216 587 1238 10.

120 1271 163 1276 —
188 1253 420 1285 intencionale
448 1254 523 1293 146,
552 1262 591 1284 12

125 1317 160 1321 —
193 1300 326 1330 actuale
355 1300 430 1338 146,
458 1308 511 1331 20.

120 1346 287 1376 Essencia
328 1346 448 1376 eadem
490 1350 541 1377 est
580 1347 731 1385 materia,
769 1348 877 1377 forma
915 1352 945 1377 et

187 1392 270 1423 unio
295 1392 429 1422 illarum
454 1400 509 1432 43,
538 1400 589 1423 10.

120 1456 163 1460 ——
188 1438 342 1479 precedit
372 1448 445 1468 esse
476 1449 575 1469 suum
607 1439 778 1479 singulare
810 1447 864 1477 44,
893 1447 945 1478 32.

120 1484 318 1515 Essenciale
342 1485 562 1515 intrinsecum
588 1490 700 1516 actum
727 1486 803 1524 284,
835 1493 886 1523 14.

119 1530 291 1561 Eternitas
318 1538 394 1569 229,
422 1531 452 1561 6.

119 1577 325 1607 Exacedron
353 1583 405 1617 57,
433 1585 462 1616 3.

119 1680 280 1710 Felicitas
305 1679 454 1711 hominis
473 1681 606 1722 capitur
620 1680 800 1722 tripliciter
818 1688 894 1721 251,
914 1689 944 1711 2.
979 1714 980 1718 ,

119 1726 235 1756 Fides.
262 1726 383 1757 Omnis
409 1727 575 1765 doctrina,
603 1728 634 1757 ei
659 1727 821 1768 opposita
847 1728 943 1757 here·
978 1738 980 1767 ς’
1090 1763 1095 1768 ⁸
1284 1764 1289 1768 ¹
1546 1763 1551 1768 ι
1628 1764 1632 1769 ¹

978 1782 979 1795 l
1020 1781 1054 1785 -
1068 1773 1138 1793 61115
1148 1768 1366 1804 suppositum
1376 1762 1690 1804 substancxaprima
1700 1765 1776 1804 287,
1788 1771 1841 1794 21,

978 1800 979 1824 3
1016 1809 1179 1840 Latitudo
1206 1809 1285 1840 vide
1310 1809 1520 1849 Longitudo.

188 1772 254 1802 tica
281 1779 334 1812 55,
363 1780 414 1812 19.

120 1819 245 1849 Forma
271 1819 354 1858 quid
380 1827 457 1858 292,
485 1827 514 1849 2.

120 1883 158 1886 —
186 1864 270 1905 quid
295 1865 500 1904 generaliter
526 1865 602 1902 261,
634 1872 673 1894 10

119 1928 157 1932 -
186 1911 359 1952 exemplar
387 1912 460 1949 148,
491 1913 542 1941 18.

120 1974 158 1978 —
188 1957 390 1997 exemplaris
416 1957 493 1996 236,
520 1964 560 1996 23
588 1967 621 1988 ss
643 1967 650 1994 3
678 1957 759 1989 ibid.
786 1965 840 1995 41.

118 2020 161 2024 —
187 2003 428 2034 substancialis
454 2004 532 2041 262,
559 2011 617 2042 23;
646 2011 720 2042 293,
752 2010 789 2043 15
819 2012 861 2034 SS.

119 2066 158 2070 —
187 2067 227 2071 -—
254 2049 470 2080 indivisibilis
498 2057 574 2088 294,
602 2057 644 2079 20
671 2060 713 2082 ss.

118 2112 155 2116 —
185 2095 379 2125 essencialis
406 2103 483 2134 292,
512 2103 563 2125 11.

117 2158 158 2162 —
186 2141 405 2172 accidentalis
433 2149 484 2179 11,
512 2149 541 2180 3.

117 2204 158 2209 —
185 2187 371 2218 intrinseca
399 2195 473 2226 149,
501 2195 537 2227 3;
565 2187 641 2225 262,
672 2195 722 2225 14.

119 2251 155 2254 —
189 2252 226 2255 —
256 2237 289 2263 et
314 2234 504 2264 extrinseca
531 2240 606 2273 235.
634 2241 677 2272 30
702 2243 745 2264 ss.

117 2297 160 2300 —
186 2279 228 2309 ab
262 2290 301 2309 ea
332 2280 445 2310 futura
477 2280 669 2310 subiectum
701 2278 943 2309 denominatur

185 2325 403 2356 formandum
431 2334 505 2365 113,
533 2334 563 2356 2.

117 2440 358 2471 Generativum
377 2441 470 2483 prius
488 2440 688 2472 naturaliter
705 2440 795 2470 inest
814 2446 867 2480 25,
890 2448 941 2478 14,

117 2486 235 2517 Genus
262 2487 342 2519 vide
367 2487 537 2524 accidens,
565 2486 832 2528 predicamenta.

118 2550 157 2555 —
185 2533 352 2573 significat
377 2534 568 2564 universale
595 2541 624 2572 3,
652 2540 682 2571 3.

116 2596 156 2601 —
183 2579 218 2609 in
243 2589 284 2609 eo
311 2590 384 2611 esse
410 2579 557 2621 tripliter
581 2587 613 2617 4,
641 2579 671 2609 8.

115 2641 157 2646 -—
183 2628 336 2656 tacenter
361 2626 566 2666 equivocum
591 2633 645 2661 21,
672 2631 715 2654 20
742 2633 785 2654 ss.

117 2687 157 2692 —
183 2670 315 2701 habens
341 2672 498 2713 proprias
525 2670 740 2701 differencias
766 2669 870 2699 habet

118 2733 157 2737 —
183 2726 285 2747 unam
317 2718 501 2759 positivam
539 2715 851 2758 supereminentem
885 2723 940 2753 22,

185 2770 224 2793 21
254 2773 298 2794 ss.

1772 165 1848 213 309

986 300 988 318 ,
1026 278 1142 308 Genus
1169 280 1202 307 et
1228 277 1359 318 species
1389 285 1440 314 12,
1471 285 1508 307 12
1536 287 1596 313 sm
1624 280 1666 319 cf.
1689 289 1726 320 p.
1755 287 1808 309 22.

987 320 988 355 ἶ
1026 342 1064 345 --
1095 327 1127 353 et
1154 322 1349 353 differencie
1377 330 1429 361 30,
1457 331 1499 353 20
1525 333 1557 354 ss

1026 388 1065 391 ——
1095 369 1384 410 predicamentale
1412 376 1441 408 3,
1469 370 1499 401 8,

1030 434 1062 437 —
1093 415 1327 454 generativum
1355 422 1407 453 23,
1435 422 1477 445 20
1503 424 1549 446 ss,

1024 479 1065 482 —
1092 461 1229 501 loycum
1255 467 1308 500 25,
1336 468 1354 490 2
1382 470 1442 496 ss.;
1471 467 1524 500 30,
1548 462 1566 491 6
1594 471 1636 494 ss.

986 510 987 526 l
1025 525 1065 528 ——
1093 507 1324 537 substanciale
1351 507 1404 543 28,
1434 514 1461 537 Ι.

1025 553 1181 583 Gravitas
1207 557 1259 583 est
1284 552 1493 583 sufficiencia
1522 560 1583 592 153
1624 561 1677 593 27.

986 624 987 628 ,
1028 617 1059 621 -
1091 599 1263 630 coassistit
1289 599 1382 629 omni
1409 603 1539 640 puncto
1569 606 1643 638 153,
1672 607 1725 631 21,

1022 679 1172 716 Habere,
1200 679 1273 708 eius
1300 679 1422 709 modus
1453 679 1525 718 198,
1556 686 1607 710 11.

1022 725 1204 755 Hereticus
1234 731 1286 764 55,
1314 732 1367 764 33.

985 784 986 788 ¹
1021 771 1139 801 Homo
1166 774 1303 801 eternus
1329 772 1363 800 in
1389 771 1476 811 ydea
1506 779 1556 810 19,
1584 778 1643 813 24,

1026 835 1063 838 ——
1091 817 1290 847 substancia
1316 824 1369 854 24.
1400 825 1427 848 1.

1022 881 1061 884 —
1091 864 1161 893 eius
1214 864 1431 904 suppositum
1484 863 1592 904 prima
1645 864 1842 895 substancia

1092 910 1168 949 287,
1196 917 1249 939 22.

1021 974 1063 976 —
1095 974 1127 976 —
1159 960 1279 985 natura
1305 954 1381 985 finis
1408 955 1548 985 aliarum
1576 963 1629 995 23,
1658 964 1687 995 3.

1022 1020 1052 1023 —
1090 1011 1159 1031 11011
1186 1005 1236 1031 651
1261 1001 1332 1031 lina
1360 1009 1435 1040 129,
1465 1009 1501 1031 11

1021 1066 1060 1069 -
1090 1047 1225 1078 moralis
1252 1048 1328 1085 266,
1358 1055 1416 1087 17;
1443 1048 1485 1088 cf.
1514 1048 1588 1085 266,
1618 1050 1670 1079 28.

1019 1129 1114 1168 Ignis
1133 1134 1316 1167 generatur
1334 1138 1373 1158 ex
1393 1128 1507 1159 calore
1522 1132 1555 1159 et
1569 1130 1709 1160 materia
1723 1138 1776 1168 40,
1794 1138 1847 1162 20.

1018 1174 1235 1205 Indivisibile
1262 1178 1313 1205 est
1340 1175 1455 1215 passio
1484 1182 1536 1213 13,
1564 1182 1618 1214 30.

1018 1222 1157 1251 Instans
1182 1221 1275 1261 prius
1301 1230 1404 1260 quam
1430 1221 1524 1251 aliud
1551 1221 1627 1259 206,
1654 1230 1686 1260 9.

1029 1285 1055 1288 »Α
1089 1277 1207 1297 60111111
1231 1266 1374 1297 variatio
1400 1274 1477 1305 214,
1505 1274 1546 1297 22

981 1303 982 1310 ¹
1020 1331 1061 1335 -
1087 1312 1300 1353 significatur
1324 1313 1430 1343 verbo
1457 1313 1500 1343 de
1525 1314 1678 1354 presenti
1697 1314 1773 1352 216,
1792 1322 1845 1352 40.

1024 1377 1059 1381 ψ
1087 1359 1250 1399 temporis
1269 1363 1319 1389 est
1336 1359 1466 1390 instans
1480 1359 1514 1389 in
1530 1363 1685 1401 tempore
1701 1367 1777 1400 225,
1794 1368 1846 1399 32.

1018 1405 1253 1445 Intelligencie
1280 1412 1355 1443 292,
1386 1413 1436 1435 10,

980 1483 981 1486 ,
1020 1470 1054 1473 —
1086 1461 1222 1492 semper
1246 1456 1427 1481 moventur
1453 1461 1471 1481 a
1496 1452 1574 1482 Deo
1601 1455 1775 1492 tamquam
1801 1452 1844 1483 ab

1087 1501 1199 1528 amato
1225 1501 1259 1527 et
1285 1497 1479 1528 desiderato
1500 1505 1574 1536 119,
1594 1505 1652 1538 37;
1682 1506 1758 1537 302,
1786 1506 1844 1536 29:

1087 1545 1132 1586 cf·
1152 1555 1190 1585 p·
1218 1551 1270 1583 37-

979 1616 980 1626 ,
1016 1590 1157 1620 Iusticia
1190 1594 1221 1620 et
1256 1589 1433 1620 Iniusticia
1473 1597 1548 1630 170,
1584 1597 1643 1628 24;
1680 1598 1754 1631 171,
1794 1591 1844 1622 16.

979 1651 980 1672 5
1016 1636 1154 1666 Iuvenis
1182 1635 1255 1666 dies
1283 1643 1359 1674 201,
1387 1636 1440 1675 36.

1016 1717 1120 1757 Lapis
1150 1724 1201 1757 17,
1229 1725 1281 1756 31.

1017 1855 1173 1885 Libertas
1200 1856 1283 1895 quid
1310 1862 1386 1895 245,
1417 1863 1468 1886 10.

1015 1919 1058 1923 —
1084 1901 1215 1932 arbitrii
1241 1909 1317 1942 247,
1348 1909 1399 1932 10.

1015 1947 1178 1978 Liberum
1204 1948 1381 1978 arbitrium
1408 1955 1483 1987 247,
1513 1954 1542 1985 3.

1016 1993 1173 2033 Lignum,
1236 1994 1309 2024 eius
1370 1994 1587 2034 suppositum

1084 2040 1195 2080 prima
1221 2040 1299 2080 287,
1325 2047 1378 2070 22.

1015 2085 1225 2125 Longitudo,
1261 2085 1409 2116 latitudo
1447 2089 1480 2116 et
1518 2086 1736 2126 profunditas
1769 2096 1839 2117 non

1083 2136 1160 2162 sunt
1185 2132 1375 2162 formaliter
1400 2132 1610 2172 quantitates
1636 2133 1690 2170 60,
1719 2139 1748 2172 5.

1014 2178 1128 2217 Loqui
1154 2178 1237 2218 quid
1266 2184 1341 2218 135,
1370 2178 1421 2208 18.

1014 2223 1152 2254 Lucifer
1176 2223 1254 2255 vide
1281 2225 1387 2255 Deus.

1016 2288 1053 2291 -
1083 2279 1126 2299 an
1151 2270 1298 2300 voluerit
1324 2270 1440 2310 equari
1465 2270 1542 2300 Deo
1572 2270 1646 2305 162,
1674 2278 1694 2308 4

1016 2333 1053 2337 —
1084 2316 1217 2356 appetit
1243 2326 1318 2347 esse
1343 2326 1414 2346 non
1439 2316 1535 2346 Deus
1564 2317 1637 2357 167,
1665 2324 1694 2347 2.

1648 1993 1844 2024 substancia

1013 2396 1152 2426 Malicia
1178 2396 1257 2428 vide
1283 2396 1400 2427 malus.

1013 2442 1152 2472 Malicia
1177 2443 1329 2483 privacio
1358 2443 1432 2482 158,
1459 2450 1489 2482 3.

1015 2507 1055 2510 —
1083 2488 1238 2519 defeccio
1267 2496 1341 2529 170,
1368 2497 1399 2527 9.

1014 2552 1054 2556 —
1080 2535 1184 2565 moris
1214 2541 1289 2574 159,
1316 2542 1352 2575 7;
1384 2535 1458 2572 168,
1485 2542 1516 2564 2.

1012 2579 1127 2611 Malus
1154 2580 1268 2611 nullus
1295 2585 1390 2611 actus
1417 2590 1478 2621 per
1504 2590 1539 2610 se
1569 2586 1642 2620 157,
1670 2587 1701 2620 7.

1012 2625 1105 2656 Mala
1141 2636 1184 2656 an
1215 2627 1258 2657 sit
1289 2636 1341 2657 res
1373 2626 1649 2667 inseparabiliter
1677 2626 1751 2666 158,
1778 2634 1837 2664 24;

1081 2674 1124 2714 Ls·
1154 2673 1227 2711 169,
1255 2680 1314 2711 24;
1344 2679 1418 2712 Ι75,
1446 2680 1499 2711 32.

1012 2718 1088 2748 Mas
1139 2718 1267 2748 decidit
1315 2728 1431 2748 semen
1478 2722 1662 2758 antequam
1703 2728 1838 2759 sperma

1081 2768 1217 2805 aptetur
1242 2764 1438 2794 induccioni
1466 2764 1575 2794 anime
1601 2771 1656 2802 40,
1686 2765 1736 2795 16,
