2056 3234
239 163 314 207 184
953 168 1176 199 JOHANNIS
1203 167 1370 198 WICLIF
1638 164 1728 191 cAv.
1749 163 1828 191 X1x.

523 285 592 321 est,
627 277 694 311 sed
728 276 858 311 solum
892 274 1058 310 instans.
1098 271 1209 309 Sicut
1242 285 1336 320 ergo
1370 272 1549 320 sequitur
1580 272 1620 308 in
1653 272 1831 320 qualibet

522 342 635 381 parte
675 333 779 369 illius
817 331 896 368 loci
935 333 1010 368 hoc
1050 339 1121 375 est,
1161 342 1255 378 ergo
1294 342 1365 378 per
1396 338 1523 366 totum
1559 331 1665 366 hunc
1696 330 1828 366 locum

523 393 599 427 hoc
622 400 691 435 est,
726 391 780 427 ita
802 389 983 438 sequitur
1007 391 1053 425 de
1077 398 1259 436 tempore
1292 387 1333 423 in
1365 387 1546 435 quolibet
1578 387 1689 435 signo
1715 387 1831 423 huius

523 448 715 497 temporis
749 449 824 484 hoc
858 456 928 493 est,
964 459 1058 495 ergo
1091 458 1162 494 per
1193 454 1321 482 totum
1354 454 1513 493 tempus
1546 446 1621 481 hoc
1655 455 1723 481 est.

301 514 391 541 Time
410 513 437 540 is
580 509 669 543 Non
703 505 806 542 enim
840 513 975 553 posset
1006 514 1164 552 tempus
1195 504 1255 540 vel
1295 503 1458 551 aliquod
1496 503 1716 539 successive
1748 503 1865 539 lon—5

245 547 492 610 ,ἶῇζεῐέἓξῇζῑϋξὲ
523 578 615 613 gum
663 576 746 600 esse
778 563 819 599 in
852 562 1028 608 instanti,
1076 561 1152 598 nisi
1196 570 1330 609 posset
1375 560 1530 597 extendi
1569 560 1608 597 in
1646 559 1832 606 instanti3

272 617 389 680 fflsifflffl
408 617 467 680 {ng
524 623 578 659 sic
624 621 729 658 enim
778 620 1076 657 racionabiliter
1119 619 1298 667 loquitur
1341 618 1586 666 Augustinus
1627 622 1696 654 110
1730 619 1834 654 Con-

304 691 385 714 must
407 686 441 726 be
522 680 739 716 sessionum
764 680 811 715 de
835 677 1062 715 extensione
1094 677 1299 725 temporis,
1334 686 1370 713 et
1402 676 1578 723 indubie,
1612 676 1643 712 si
1675 685 1833 724 tempus

283 722 402 758 beyond
424 727 456 749 Π·
525 747 581 774 est
613 736 833 774 successive
867 735 1061 772 divisibile
1094 735 1135 770 in
1167 734 1344 780 instanti,
1384 743 1478 770 tunc
1516 743 1608 770 sunt
1647 733 1757 782 prius
1797 743 1834 770 et

523 794 721 844 posterius
759 794 800 830 in
831 793 1008 839 instanti,
1043 805 1121 841 quo
1154 801 1244 829 sunt
1277 792 1506 829 differencie
1538 791 1750 840 temporis;
1797 800 1835 828 et
1855 805 1892 826 1o

522 866 592 902 per
616 852 720 889 idem
745 864 890 899 corpus
914 851 954 887 in
977 850 1055 887 situ
1080 850 1266 886 divisibili
1289 849 1522 896 successivi3
1557 862 1650 898 ergo
1674 858 1834 898 oportet

523 910 680 948 extendi
712 919 819 946 extra
851 909 1015 945 instans.

242 975 329 1002 Thus
350 975 429 1014 from
452 975 501 1013 the
581 971 678 1005 [tem
712 980 755 1004 ex
786 966 1076 1012 locucionibus‚
1110 978 1209 1013 quas
1241 974 1400 1014 oportet
1432 966 1578 1002 habere
1612 967 1659 1002 de
1693 965 1834 1011 causis,

234 1011 571 1078 cassfflfft¹31¹1¹]⁵0⁰3{0‚de
603 1035 785 1073 tempore
818 1034 854 1061 et
888 1023 1023 1060 multis
1056 1023 1265 1070 similibus,
1299 1022 1588 1060 necessitamur
1612 1024 1662 1059 ad
1685 1035 1836 1071 ponen-

299 1088 344 1105 we
365 1084 447 1106 “¹⁰³1
524 1086 618 1120 dum
652 1082 804 1131 aliquid
838 1095 921 1119 esse
954 1091 1062 1118 extra
1094 1094 1256 1129 presens
1289 1081 1453 1117 instans.
1487 1083 1589 1117 Nam
1612 1083 1834 1117 secundum
1857 1084 1892 1116 15

296 1114 449 1175 {ffisstiielricig
524 1142 812 1189 Philosophum
847 1139 978 1188 primo
1013 1139 1264 1176 Phisicorum
1301 1139 1373 1175 560
1407 1138 1590 1185 materia,
1636 1139 1766 1175 forma
1799 1148 1837 1175 et

237 1183 503 1252 pl-Sgetffidfnfflem,
523 1198 700 1248 privacio
734 1207 825 1235 sunt
857 1196 1056 1246 principia
1094 1196 1311 1233 intrinseca
1350 1196 1565 1244 compositi
1599 1205 1635 1233 et
1668 1196 1724 1233 sic
1757 1197 1842 1244 pri-v

522 1257 635 1294 vacio
659 1266 716 1294 est
740 1269 859 1293 causa
882 1255 1070 1302 efficiens,
1103 1255 1196 1291 licet
1218 1268 1289 1303 per
1313 1254 1512 1300 accidens,
1546 1263 1589 1290 ut
1613 1263 1722 1303 patet
1746 1255 1836 1291 660.

524 1316 646 1364 Signo
671 1327 763 1363 ergo
785 1316 818 1350 A
842 1313 1117 1362 privacionem
1151 1322 1383 1349 causantem
1417 1313 1477 1349 vel
1510 1312 1836 1360 principiantem,

275 1380 372 1418 I‘soof
388 1380 467 1407 from
524 1375 553 1409 B
587 1372 872 1421 compositum.
917 1374 966 1407 Et
1006 1380 1126 1419 patet⁷
1172 1371 1280 1419 quod
1319 1370 1350 1407 si
1382 1372 1415 1407 A
1449 1379 1586 1407 causat
1624 1371 1685 1407 vel
1729 1370 1837 1419 prin-
1853 1384 1896 1405 20

251 1414 488 1476 Acrgzisoetlssutsize
526 1431 647 1479 cipiat
670 1433 712 1476 Β,
743 1439 842 1468 tunc
874 1439 1090 1478 utrumque
1123 1428 1284 1465 illorum
1318 1437 1389 1474 est,
1424 1429 1491 1465 sed
1525 1437 1694 1474 constat,
1729 1429 1838 1476 quod

272 1484 470 1546 Dsegggcetfhe
525 1489 675 1526 claudit
727 1487 1095 1525 contradiccionem
1147 1486 1215 1523 illa
1268 1499 1351 1523 esse
1395 1486 1436 1522 in
1480 1488 1621 1522 eodem
1673 1485 1837 1523 instanti

524 1547 662 1593 simul;
708 1559 802 1594 ergo
836 1554 996 1593 oportet
1029 1557 1154 1581 unum
1188 1557 1272 1581 esse
1304 1544 1584 1592 temporaliter
1623 1553 1715 1580 ante
1748 1543 1838 1580 reli-

524 1618 663 1653 quum.
711 1603 843 1641 Minor
887 1611 997 1651 patet
1036 1615 1080 1639 ex
1117 1603 1205 1649 hoc,
1251 1603 1359 1650 quod
1398 1602 1430 1638 si
1467 1602 1535 1638 illa
1573 1601 1750 1650 privacio
1788 1601 1838 1638 sit

524 1675 597 1711 pro
637 1663 731 1699 dato
770 1661 949 1707 instanti,
996 1670 1091 1697 tunc
1137 1660 1306 1697 materia
1350 1659 1618 1708 principiatur
1657 1672 1729 1708 pro
1770 1659 1837 1695 illo
1854 1662 1894 1695 25

526 1719 693 1756 instanti
725 1721 856 1756 forma
880 1718 1106 1767 compositi,
1142 1728 1179 1755 et
1201 1731 1274 1767 per
1296 1730 1545 1766 consequens
1570 1717 1839 1766 compositum

525 1791 607 1815 non
640 1786 697 1814 est
730 1790 803 1826 pro
836 1777 904 1813 illo
937 1776 1114 1813 instanti.
1149 1778 1198 1812 Et
1230 1776 1363 1812 minor
1396 1775 1619 1824 argumenti
1653 1784 1763 1823 patet
1796 1787 1840 1811 ex

526 1838 615 1882 hoc,
651 1837 760 1884 quod
793 1847 913 1872 causa
946 1843 983 1871 et
1016 1843 1239 1880 causatum,
1273 1843 1316 1870 ut
1349 1833 1593 1880 huiusmodi,
1627 1842 1719 1869 sunt
1741 1833 1840 1869 rela-

526 1894 617 1939 tiva,
665 1906 741 1942 que
786 1892 919 1941 posita
957 1905 997 1929 se
1036 1901 1191 1941 ponunt
1229 1901 1266 1928 et
1306 1900 1516 1940 perempta
1548 1904 1588 1928 se
1622 1891 1839 1940 perimunt.

526 1954 575 1987 Et
607 1951 713 1988 idem
760 1960 817 1987 est
860 1959 1142 1998 argumentum
1176 1951 1224 1986 de
1263 1949 1455 1995 efficacia,
1501 1962 1580 1998 qua
1624 1957 1738 1997 pater
1784 1957 1840 1985 est
1857 1954 1899 1986 30

528 2009 702 2046 efficiens
742 2008 826 2055 filii,
872 2008 1059 2045 occidens
1093 2016 1150 2044 est
1183 2020 1302 2044 causa
1335 2007 1511 2044 efficiens
1544 2007 1685 2043 mortis
1717 2006 1840 2043 occisi

528 2076 565 2103 et
597 2066 794 2115 quotlibet
826 2065 1043 2111 similibus3
1078 2074 1274 2113 repugnat
1307 2065 1426 2111 enim,
1460 2066 1568 2113 quod
1600 2078 1673 2113 pro
1698 2066 1837 2101 eodem

526 2124 691 2161 instanti
731 2133 845 2172 pater
885 2122 888 2174 Ι
930 2123 1076 2160 efficiat
1116 2123 1257 2170 filium,
1304 2136 1376 2172 pro
1415 2136 1495 2171 quo
1534 2122 1701 2159 instanti
1735 2121 1839 2158 filius
1856 2127 1977 2167 F-2fss4

596 2268 634 2297 31.
658 2269 750 2297 Cod..
748 2279 753 2284 ·
773 2271 874 2296 morto
894 2269 992 2310 occidi
1014 2268 1118 2296 occisi.

599 2375 629 2406 7.
660 2365 715 2417 Cf.
733 2366 822 2407 Aug.
844 2365 945 2397 Conf.
963 2366 1018 2405 XI,
1046 2375 1119 2407 cap.
1144 2364 1272 2396 11-25
1302 2364 1440 2406 (Migne
1460 2363 1611 2395 XXXII
1629 2365 1740 2395 814—
1743 2364 1842 2403 822).

536 2411 617 2443 Vide
643 2410 751 2443 etiam
777 2416 904 2453 postea
923 2422 1012 2454 pag.
1033 2414 1100 2443 191.
1202 2410 1251 2443 16.
1281 2412 1335 2453 Cf.
1362 2411 1465 2442 Arist.
1493 2411 1568 2442 Nat.
1595 2411 1700 2441 Ausc.
1726 2407 1795 2448 16,
1822 2407 1843 2439 8

529 2457 612 2497 (Ed.
641 2458 724 2488 Par.
751 2458 794 2489 II
819 2459 901 2497 256,
931 2459 980 2489 28
1005 2458 1066 2498 ss.)
1094 2462 1127 2490 et
1153 2458 1235 2488 ibid.
1262 2457 1273 2488 Ι
1301 2467 1331 2498 7,
1356 2467 1410 2488 11:
1436 2455 1548 2488 ’.Ωστε
1574 2454 1682 2497 δῆλον
1706 2451 1745 2486 ἐκ
1770 2456 1843 2486 τῶν

529 2501 739 2545 εἰρημένων,
772 2499 828 2535 ὅτι
859 2500 899 2535 τὸ
924 2502 1133 2545 γιγνόμενον
1158 2502 1256 2534 ἅπαν
1281 2500 1337 2534 ἀει
1363 2500 1543 2534 σύνθετόν
1568 2498 1654 2542 ἐστι,
1685 2499 1744 2532 καὶ
1769 2498 1844 2532 ἔστι

529 2548 594 2590 μέν
620 2560 654 2580 τι
677 2548 896 2601 γιγνόμενον,
922 2547 997 2581 ἔστι
1022 2548 1062 2581 δέ
1087 2560 1120 2580 τι
1146 2545 1164 2580 ὅ
1192 2551 1297 2581 τοῦτο
1323 2547 1473 2590 γίνεται·
1501 2559 1561 2581 και
1578 2558 1685 2579 τουτο
1703 2544 1843 2578 διττόν

530 2592 550 2637 ἢ
576 2593 642 2637 γὰρ
668 2591 707 2626 τὸ
733 2593 970 2638 ὑποκείμενον
1000 2591 1021 2636 ἢ
1054 2591 1093 2627 τὸ
1126 2594 1387 2636 ἀντικείμενον·
1425 2593 1523 2646 λέγω
1547 2592 1586 2625 δὲ
1617 2592 1844 2625 ἀντικεῖσθαι

529 2639 594 2683 μὲν
630 2636 670 2672 τὸ
709 2640 872 2683 ἄμουσον
910 2639 1129 2673 ὑποκεῖσθαι
1167 2640 1206 2673 δὲ
1243 2637 1307 2673 τὸν
1345 2636 1559 2692 ἄνθρωπόν
1585 2637 1646 2672 καὶ
1683 2637 1748 2693 την
1779 2637 1845 2681 μὲν

529 2685 783 2729 ἀσχημοσύνην
813 2685 874 2719 καὶ
899 2685 964 2729 τὴν
989 2686 1176 2741 ἀμορφίαν
1201 2684 1222 2728 ἢ
1252 2684 1317 2729 τὴν
1342 2685 1495 2739 ἀταξίαν
1519 2682 1560 2718 τὸ
1587 2684 1843 2762 ἀντικείμενον,

529 2730 594 2765 τὸν
623 2731 663 2765 δὲ
692 2731 823 2787 ζχαλκὸν
854 2730 876 2775 ἢ
908 2731 973 2765 τὸν
996 2732 1102 2765 λίθον
1122 2729 1154 2787 ,ἢ
1186 2730 1251 2765 τὸν
1273 2730 1406 2776 χρυσὸν
1430 2730 1471 2765 τὸ
1496 2730 1759 2774 ὑποκείμενον.

531 2780 578 2821 (7,
603 2780 655 2821 13)
683 2777 704 2821 ἡ
730 2778 769 2811 δὲ
795 2779 959 2822 στέρησις
984 2791 1043 2811 και
1070 2776 1091 2821 ἡ
1117 2775 1328 2816 ἐναντίωσις
1353 2776 1587 2821 συμβεβηκός.
