2056 3234
224 177 350 212 Quaest.
372 177 422 204 1¹1-
505 180 736 219 Quaestiones
762 180 894 221 logicae
921 186 953 211 et
979 179 1253 222 philosophicae.

222 300 301 323 non
346 286 475 322 minus
522 286 635 323 fortis
679 286 728 323 sit
779 289 827 323 ad
872 287 1086 323 volendum
1133 286 1356 333 veritatem,
1410 300 1529 335 quam

223 345 412 391 salutem-13
445 346 513 380 sed
546 344 692 381 forcius
714 345 780 380 wlt
802 344 992 381 salutem:
1027 356 1106 380 non
1129 343 1250 392 igitur
1273 344 1362 380 talis
1386 344 1532 381 invitus

224 401 428 447 mentitur,
452 401 527 438 nisi
550 401 769 450 inproprie,
796 401 890 451 quia
913 401 1169 438 mendacium
1194 401 1278 438 sine
1296 402 1532 439 difficultate

224 459 370 496 evitare
413 472 492 496 non
536 468 680 508 potest,
727 468 764 496 et
806 459 862 496 sic
906 459 996 496 talis
1041 458 1172 496 aliena
1215 459 1252 496 vi
1296 460 1533 508 prohibetur

189 519 436 565 5utrumque
486 529 656 564 servare,
708 526 763 563 ut,
810 517 842 553 si
891 525 1115 565 presentem
1160 517 1313 554 videret
1363 518 1531 566 gloriam

223 584 413 621 eternam,
459 588 578 623 quam
625 574 758 611 statim
803 584 893 623 post
936 583 1132 611 servatam
1178 575 1386 612 veritatem
1427 589 1532 612 asse-

222 642 424 681 queretur,
447 641 484 669 et
498 632 640 669 inferni
655 642 868 678 tormenta,
892 632 1035 680 quibus
1055 632 1138 669 sine
1158 645 1269 669 mora
1292 635 1532 680 traderetur,

223 703 312 727 mox
357 691 498 738 procul
542 690 662 727 dubio
700 703 834 727 veram
879 690 1166 727 sufficienciam
1208 692 1257 727 ad
1295 693 1531 728 servandam

220 748 429 784 veritatem
464 749 611 785 habere
643 757 858 785 teneretur.

168 816 205 838 10
279 807 541 842 CONCLUSIO:
580 808 670 842 Non
710 814 842 854 potest
874 805 1083 843 illibertari
1116 806 1286 842 liberum
1320 806 1532 843 arbitrium

220 863 404 911 potencie
436 863 608 900 volitive.
644 865 842 900 Probatur
870 863 1110 901 auctoritate
1139 864 1365 901 Aristotelis
1399 864 1531 912 primo

221 921 547 958 Rethoricorum:
592 922 768 958 volentes
814 930 851 958 et
898 921 1022 958 libere
1066 921 1234 967 facimus
1279 935 1531 971 quecumque

219 978 422 1026 facientes,
463 988 499 1015 et
531 992 612 1016 non
644 979 785 1016 coacti.
830 981 879 1015 Et
911 979 1091 1027 arguitur
1126 980 1305 1017 racione:
1352 980 1531 1017 Libertas

219 1049 290 1084 per
328 1049 368 1073 se
406 1037 507 1073 inest
550 1037 759 1083 voluntati,
803 1037 904 1074 sicut
948 1036 1186 1074 naturalitas
1230 1050 1301 1086 per
1345 1051 1385 1074 se
1429 1038 1531 1074 inest

167 1093 373 1131 15nature.
420 1096 497 1131 Sed
541 1107 613 1131 nec
657 1097 762 1131 Deus
806 1107 878 1132 nec
923 1094 1074 1143 aliquid
1119 1095 1227 1132 aliud
1272 1104 1402 1144 potest
1446 1108 1529 1132 rem

221 1152 436 1188 destituere
469 1154 517 1189 ab
551 1165 610 1198 eo,
644 1154 752 1201 quod
776 1152 849 1189 sibi
874 1152 975 1189 inest
998 1164 1069 1200 per
1095 1165 1135 1189 se
1164 1153 1405 1201 aliqualitas,
1440 1166 1529 1190 curn

220 1210 298 1246 tale
336 1219 470 1258 posset
509 1212 645 1247 adesse
685 1219 722 1247 et
761 1212 917 1257 abesse3
957 1210 1103 1247 inesset
1142 1224 1222 1247 non
1261 1224 1330 1259 per
1368 1224 1421 1257 se,
1462 1213 1530 1247 sed

220 1280 291 1315 per
323 1267 522 1311 accidens,
564 1277 601 1304 et
632 1277 767 1305 tamen
799 1268 944 1305 inesset
978 1280 1048 1316 per
1080 1281 1138 1305 se:
1178 1268 1300 1317 igitur
1332 1270 1528 1316 voluntas,

221 1334 257 1361 et
290 1337 360 1373 per
389 1338 636 1374 consequens
668 1326 837 1362 liberum
873 1326 1081 1362 arbitrium
1116 1328 1415 1375 quodcumque,
1448 1340 1529 1363 non

163 1392 204 1413 20
220 1392 351 1431 potest
383 1396 405 1420 a
437 1384 620 1420 libertate
654 1383 829 1429 destitui,
863 1392 899 1420 et
933 1397 1003 1431 per
1026 1396 1273 1432 consequens
1295 1397 1375 1420 non
1400 1393 1529 1433 potest

220 1440 440 1478 illibertari.
485 1443 534 1477 Et
572 1450 820 1489 assumptum
863 1444 1071 1490 probatur,
1110 1442 1204 1490 quia
1243 1442 1406 1479 libertas
1449 1456 1529 1479 non

220 1498 350 1534 minus
401 1499 503 1535 inest
546 1499 754 1544 voluntati,
799 1512 920 1547 quam
964 1499 1160 1536 naturalis
1205 1508 1365 1546 nature;
1417 1509 1453 1536 et
1498 1500 1529 1536 si

219 1556 432 1604 dispariter
452 1556 614 1605 proprie
636 1556 795 1603 inesset,
820 1556 944 1604 magis
966 1557 1129 1605 proprie
1151 1557 1312 1594 libertas
1329 1558 1527 1594 voluntati

218 1613 378 1660 inesset,
413 1615 460 1650 de
492 1623 642 1663 quanto
676 1613 886 1662 eligibilius
920 1624 1020 1651 esset
1053 1614 1297 1663 principium
1320 1615 1526 1652 volitivum

83 1670 122 1701 F·
144 1669 202 1713 ¹87
219 1671 425 1717 libertatis,
450 1685 569 1720 quam
603 1681 704 1709 esset
732 1668 736 1724 Ι
765 1672 1006 1720 principium
1040 1673 1236 1719 naturale,
1271 1686 1361 1709 cum
1391 1686 1529 1710 secun-

219 1731 312 1765 dum
347 1729 431 1766 sine
454 1729 585 1778 primo
608 1730 648 1766 in
670 1731 787 1766 rebus
812 1730 941 1766 minus
965 1730 1094 1778 dignis
1116 1730 1360 1777 inveniatur3
1393 1731 1526 1779 igitur,

218 1786 249 1822 si
282 1787 444 1835 proprie
489 1800 558 1835 per
605 1800 645 1824 se
683 1787 785 1823 inest
822 1788 1060 1824 naturalitas
1095 1797 1249 1835 nature,
1290 1798 1327 1825 et
1365 1789 1527 1825 libertas

218 1845 382 1892 proprie
414 1845 534 1882 inerit
565 1845 774 1882 voluntati.

276 1903 596 1938 CORROLARIUM:
655 1902 846 1948 Quamvis
892 1905 1010 1949 Deus,
1064 1916 1274 1967 supremus
1328 1904 1527 1951 dominus,

161 1960 347 2007 30potest
392 1972 551 1996 movere
594 1961 858 2007 voluntatem,
909 1974 998 1997 cum
1049 1960 1098 1997 sit
1142 1961 1317 2009 primum
1364 1975 1527 1999 movens

217 2026 400 2065 respectu
443 2018 660 2054 voluntatis
706 2018 967 2066 dependentis
1012 2027 1048 2055 et
1092 2021 1310 2055 secundum
1355 2019 1394 2055 id
1434 2022 1528 2056 Pro-

215 2075 443 2111 verbiorum
483 2075 613 2123 primo
653 2076 747 2112 CCor
785 2089 923 2123 regum
963 2076 1002 2112 in
1043 2089 1164 2112 manu
1204 2077 1289 2113 Dei³
1331 2086 1367 2113 et
1400 2079 1527 2125 quod-

218 2145 389 2181 cumque
432 2133 616 2179 voluerit,
663 2133 871 2170 inclinabit
920 2133 1032 2179 illud,
1089 2147 1168 2170 non
1218 2143 1353 2171 tamen
1396 2144 1527 2183 potest

217 2192 321 2226 Deus
365 2190 582 2227 illibertare
626 2192 886 2227 voluntatem.
946 2193 1058 2227 Patet
1103 2204 1146 2227 ex
1190 2192 1445 2229 conclusione
1490 2202 1527 2229 et

160 2247 199 2281 35
217 2247 298 2284 eius
337 2247 633 2296 proposicione.
674 2248 948 2285 Corrolarium
988 2249 1063 2285 hoc
1097 2262 1218 2297 quam
1259 2259 1316 2286 est
1355 2252 1523 2287 bonum!

186 2330 189 2332 -
216 2308 321 2341 Deus
353 2306 419 2342 wlt
452 2319 515 2343 me
547 2307 644 2343 velle
678 2308 754 2343 hoc
787 2319 886 2354 opus
916 2308 1064 2343 bonum
1090 2320 1347 2356 quocumque
1370 2308 1524 2355 debito;

215 2362 335 2411 igitur
377 2376 538 2400 necesse
583 2373 640 2400 est
685 2376 747 2400 me
787 2365 886 2401 velle
925 2365 999 2401 hoc
1039 2366 1188 2401 bonum
1228 2374 1356 2402 stante
1394 2365 1526 2414 prima

214 2420 410 2458 volicione
434 2422 517 2468 Dei,
553 2431 589 2458 et
622 2423 727 2458 ultra
760 2434 920 2459 necesse
955 2431 1011 2459 est
1046 2435 1107 2459 me
1135 2423 1233 2459 velle
1266 2424 1341 2460 hoc
1374 2425 1523 2460 bonum

282 2565 308 2593 8.
330 2567 444 2600 veram]
466 2567 533 2594 cod
543 2576 552 2593 .·
572 2567 633 2594 v'm
654 2579 686 2590 =
708 2575 825 2594 verum.

288 2659 337 2680 12.
372 2650 424 2692 Cf.
452 2651 553 2682 Arist.
580 2650 719 2682 Rhetor.
747 2651 758 2681 Ι
791 2650 821 2690 6,
851 2651 979 2691 ⁰(E1'
1010 2652 1091 2683 Par.
1120 2653 1247 2689 1323,
1273 2654 1313 2684 10
1338 2653 1418 2692 ss.:)
1449 2650 1524 2684 Καὶ

214 2689 282 2725 ὅσα
309 2691 327 2725 ὁ
354 2698 440 2732 νοῦς
465 2693 510 2726 ἂν
535 2692 672 2739 ἑκάστῳ
700 2694 870 2750 ἀποδοίη,
895 2694 955 2728 καὶ
989 2693 1057 2728 ὅσα
1089 2695 1107 2729 ὁ
1142 2696 1223 2739 περὶ
1256 2695 1408 2730 ἕκαστον
1438 2701 1524 2736 νοῦς

213 2738 437 2772 ἀποδίδωσιν
461 2738 612 2785 ἑκάστω,
638 2740 744 2774 τοῦτό
764 2738 861 2774 ἐστιν
878 2738 1015 2786 ἑκάστῳ
1036 2741 1189 2786 ἀγαθόν,
1207 2741 1267 2776 καὶ
1284 2740 1328 2776 οὗ
1343 2742 1524 2788 παρόντος

170 2806 174 2809 -
214 2782 253 2818 εὖ
279 2785 454 2819 διάκειται
479 2786 539 2820 καὶ
564 2787 754 2832 αὐτάρκως
778 2786 874 2831 ἔχει.
922 2790 1016 2821 .κτλ.
1138 2792 1191 2823 31.
1225 2791 1389 2824 vaerb
1418 2793 1521 2831 21,1.

1740 185 1819 223 249

1574 298 1603 324 A
1624 305 1693 324 man
1717 298 1787 325 who

1551 331 1607 358 lies
1629 336 1659 358 to
1681 340 1751 359 save
1773 333 1821 360 his

1600 366 1650 393 life
1670 366 1696 394 is
1718 371 1770 394 not

1573 402 1743 436 compelled
1764 406 1795 429 to

1660 436 1707 463 lie.

1585 816 1786 844 Conclusion.

1557 850 1707 878 Freedom
1728 851 1754 878 is
1775 859 1812 878 an

1570 886 1711 912 essentia]
1734 891 1803 920 part

1559 920 1593 947 of
1610 920 1671 947 will
1693 920 1752 947 and
1766 929 1809 948 -so

1587 955 1781 990 inseparable

1616 990 1697 1017 from
1718 990 1749 1016 it.

1550 1911 1619 1939 God
1641 1920 1696 1939 cau
1719 1920 1809 1940 move

1518 1934 1593 1973 7the
1613 1947 1686 1981 will
1708 1948 1760 1974 but
1781 1948 1817 1976 he

1548 1986 1661 2009 cannot
1682 1983 1770 2010 make
1790 1983 1812 2010 it

1621 2018 1737 2045 unfree.
