2056 3234
817 756 947 802 XIII.

232 879 412 925 Utrum
451 877 706 937 perfeooio
748 876 1062 936 cognicionis
1109 887 1263 922 cause
1309 875 1581 921 seeunde1s
1597 886 1828 922 moperrection

1497 946 1504 954 ,
1554 923 1588 949 ot'
1606 922 1785 956 knowledge
1799 921 1833 947 of

232 949 346 1009 plus
380 962 409 995 a
439 948 609 995 medio
644 947 1005 1008 cognoscendi,
1046 959 1208 1007 quam
1241 958 1271 992 a
1302 948 1541 1005 potencia
1561 966 1577 984 a
1598 957 1710 983 second
1732 964 1823 983 cause

1585 991 1643 1018 due
1665 999 1749 1018 more
1768 995 1798 1017 to

495 1018 842 1079 cognoscendi
875 1018 939 1065 sit
971 1016 1283 1077 a001pienda.
1578 1026 1628 1052 the
1649 1034 1755 1053 means
1775 1025 1810 1052 of

1561 1061 1706 1094 knowing
1719 1060 1831 1121 «τοι-ἷῐὴθ

1635 1103 1718 1121 ower
1738 1102 1755 1121 O

290 1154 412 1188 Noto:
445 1151 537 1188 licet
569 1152 706 1188 titulus
739 1151 958 1200 questionis
987 1151 1207 1187 secundum
1231 1161 1344 1186 suam
1367 1148 1539 1185 formam
1611 1103 1793 1190 ffnowmgj

234 1212 331 1256 duos
364 1222 501 1246 sensus
534 1211 690 1255 habeat,
725 1222 862 1255 unum,
896 1218 1029 1245 utrum
1063 1207 1261 1256 perfeccio
1295 1205 1540 1254 cognicionis
1565 1187 1817 1248 Txffifisgffslehsem

234 1269 281 1304 de
316 1280 436 1304 causa
470 1269 645 1304 secunda
680 1267 846 1304 existens
890 1267 978 1315 plus
1023 1279 1044 1303 a
1091 1265 1224 1302 medio
1260 1263 1541 1312 cognoscendi,
1579 1256 1812 1318 Ψξὲῑξζὲεῐᾞᾟ

234 1338 354 1374 quam
399 1337 421 1361 a
464 1325 651 1373 potencia
695 1325 961 1373 cognoscendi
1013 1324 1062 1360 sit
1105 1322 1353 1371 accipienda,
1406 1322 1541 1366 alium,

202 1385 218 1417 5
234 1393 369 1420 utrum
394 1383 590 1430 perfeccio
624 1382 869 1430 cognicionis
892 1382 933 1418 in
957 1394 1077 1418 causa
1098 1382 1273 1418 secunda
1295 1393 1365 1429 per
1389 1389 1543 1415 motum

236 1442 363 1477 forme
396 1440 596 1477 existentis
616 1441 704 1488 plus
739 1453 760 1476 a
793 1440 925 1476 medio
960 1439 1238 1487 cognoscendi,
1274 1451 1393 1487 quam
1428 1450 1451 1473 a
1473 1449 1543 1485 po-

235 1498 365 1535 tencia
381 1498 647 1546 cognoscendi
669 1498 717 1534 sit
734 1497 979 1546 accipienda,
1004 1506 1040 1533 et
1059 1496 1153 1545 quia
1173 1497 1280 1533 iuxta
1307 1503 1544 1544 argumenta

237 1556 415 1604 magistri
447 1556 596 1604 tytulus
623 1557 673 1592 ad
701 1568 860 1592 sensum
889 1557 1108 1592 secundum
1133 1564 1190 1591 est
1211 1554 1419 1599 limitatus,
1453 1552 1543 1589 ideo

237 1616 283 1651 de
318 1613 386 1651 illo
419 1626 535 1650 sensu
567 1614 699 1662 primo
732 1613 989 1661 pretermisso
1023 1612 1176 1661 aliquid
1209 1612 1353 1649 dicam.

183 1685 221 1706 10
293 1674 342 1708 Et
364 1681 459 1709 noto
483 1680 578 1708 tunc
602 1673 790 1718 secundo,
825 1672 932 1720 quod
956 1670 1153 1719 perfeccio
1178 1671 1423 1718 quandoque
1447 1667 1542 1703 dicit
1565 1671 1734 1699 Perfection
1756 1679 1826 1706 may

237 1731 417 1777 modum,
461 1731 679 1766 secundum
706 1742 831 1777 quern
877 1728 1028 1777 aliquid
1060 1728 1173 1765 valde
1218 1737 1255 1764 et
1293 1728 1342 1764 ad
1380 1727 1543 1775 plenum
1600 1706 1798 1775 a)0fb{³101ng

236 1787 330 1824 facit
362 1789 511 1825 facturn
544 1799 675 1832 suurn,
710 1788 950 1835 quandoque
984 1786 1079 1822 dicit
1111 1787 1290 1830 modum,
1323 1785 1543 1821 secundum
1558 1775 1833 1845 b)0fsseggf1ig)iione

237 1858 355 1894 quern
395 1845 547 1894 aliquid
585 1845 699 1881 valde
737 1845 798 1881 vel
842 1846 891 1881 ad
924 1845 1085 1892 plenum
1125 1843 1168 1879 fit
1208 1844 1267 1880 vel
1300 1842 1472 1879 efficitur
1504 1841 1543 1877 in
1618 1845 1774 1881 pertecssy,

237 1915 380 1951 genere
413 1916 502 1949 suo3
538 1911 574 1939 et
597 1915 677 1950 quo
700 1904 750 1938 ad
772 1902 962 1950 primum,
997 1903 1071 1938 hoc
1093 1913 1241 1937 nomen
1264 1899 1463 1948 perfeccio
1488 1907 1544 1935 est

184 1963 220 1995 15
236 1973 383 1997 nomen
415 1961 573 1997 verbale
606 1960 721 1996 huius
752 1960 863 1996 verbi
885 1959 1071 2008 perficio3
1105 1960 1212 2007 quod
1235 1960 1285 1995 ad
1308 1958 1543 2002 secundum,

237 2027 294 2055 est
326 2031 474 2055 nomen
506 2018 664 2054 verbale
698 2017 814 2054 huius
845 2017 955 2054 verbi
985 2017 1185 2065 perficior.

294 2077 439 2113 Tercio
474 2077 593 2112 modo
628 2075 723 2112 dicit
746 2077 925 2121 modum,
958 2076 1175 2111 secundum
1202 2086 1319 2122 quem
1343 2085 1404 2109 res
1428 2073 1546 2108 habet
1660 2077 1686 2109 c)
1706 2076 1740 2103 of
1783 2120 1804 2123 Η

238 2146 321 2170 θεεθ
353 2135 516 2182 plenum
549 2133 796 2181 simpliciter,
836 2134 895 2169 vel
926 2132 966 2168 in
999 2145 1070 2169 suo
1103 2144 1259 2180 genere,
1300 2141 1336 2168 et
1368 2130 1424 2167 sic
1456 2142 1544 2178 per·
1580 2112 1816 2147 completenesb.

237 2191 362 2229 feccio
396 2201 432 2228 et
471 2191 678 2240 plenitudo
711 2191 787 2238 rei3
832 2190 937 2227 idem
977 2189 1114 2226 dicunt
1151 2192 1300 2238 absque
1340 2197 1544 2236 respectus

182 2261 223 2283 20
237 2249 417 2286 facientis
434 2250 494 2286 vel
517 2249 625 2295 facti,
651 2257 688 2285 et
709 2248 765 2285 sic
790 2249 863 2285 hoc
886 2260 1033 2285 nornen
1055 2247 1252 2296 perfeccio
1276 2246 1544 2283 communiter

237 2320 310 2355 pro
343 2307 592 2355 plenitudine
624 2307 684 2343 vel
719 2306 917 2342 totalitate
950 2306 1005 2342 rei
1038 2306 1137 2342 solet
1171 2304 1311 2353 accipi.

296 2367 343 2401 Et
366 2365 531 2402 ulterius
553 2364 750 2413 perfeccio
774 2364 830 2400 rei
853 2363 929 2400 alia
954 2364 1123 2411 analoga
1145 2364 1205 2400 vel
1229 2362 1433 2411 equivoca‚
1467 2360 1544 2397 alia
1648 2364 1746 2394 Other

238 2422 420 2469 univoca,
440 2422 517 2459 alia
533 2421 843 2460 denominativa.
868 2423 965 2458 Item
981 2423 1153 2469 quedam
1177 2429 1284 2458 extra
1306 2431 1440 2468 genus,
1467 2417 1544 2455 alia
1593 2401 1800 2428 d1st1nct1ons.

306 2592 337 2633 8,
357 2604 389 2636 9.
408 2594 498 2625 iuxta
517 2598 719 2634 argumenta
738 2593 904 2634 magistri]
931 2592 1148 2635 Magistrum
1174 2592 1237 2623 hoc
1258 2591 1334 2623 loco
1353 2600 1374 2621 α
1397 2589 1544 2630 Wiclzfio

237 2644 549 2672 commemoratum
598 2640 757 2680 fortasse
807 2639 955 2670 eundem
1005 2647 1078 2670 esse
1134 2641 1239 2679 atque
1287 2636 1544 2669 “venerabilem

241 2686 484 2728 magistrum”,
520 2685 577 2727 qui
603 2686 637 2716 in
666 2685 808 2727 Wiclifii
832 2684 972 2727 LogiCis
1000 2688 1033 2717 et
1058 2685 1092 2715 in
1121 2682 1365 2724 Replicatione
1391 2682 1432 2714 de
1462 2681 1546 2713 Uni-

240 2731 431 2764 versalibus
449 2732 587 2772 saepius
605 2731 757 2764 occurrit
774 2730 821 2762 H.
843 2730 1042 2773 Dziewickss
1069 2730 1124 2762 vir
1142 2730 1375 2769 doctissimus,
1402 2728 1546 2770 benigne

241 2787 294 2811 me
320 2778 471 2811 edocuit.
