2056 3234
241 192 317 226 144

259 1168 306 1196 To
328 1168 411 1194 solve
430 1166 490 1194 this

274 1203 414 1239 question
435 1210 480 1241 vye

257 1242 339 1265 must
357 1245 498 1264 examine

270 1273 367 1300 God’s
388 1272 487 1298 action

297 1307 340 1334 acl
358 1310 457 1334 extra.

274 1343 299 1369 It
318 1342 344 1368 is
366 1342 477 1369 sixfold

268 1377 434 1411 according
454 1381 484 1403 to

283 1412 348 1439 Fitz
370 1411 477 1447 Ralph.

966 184 1189 216 JOHANNJS
1215 185 1382 216 WICLIF
1642 184 1732 212 CAP.
1754 184 1834 212 XVI.

522 288 767 326 insufficiens
800 291 850 326 ad
883 291 1103 338 agendum3
1139 299 1174 325 et
1209 299 1361 326 certum
1397 299 1465 337 est,
1501 293 1608 339 quod
1636 292 1837 339 wlgariter

523 346 629 383 dicta
650 348 697 383 de
713 348 919 384 communi
944 360 1061 384 cursu
1083 356 1225 383 nature
1248 361 1330 384 non
1353 348 1544 385 adiuvant
1568 350 1838 386 communiter

522 404 577 440 sic
611 404 798 450 dicentes,
835 405 928 454 quia
961 417 1080 442 nemo
1115 405 1188 441 scit
1221 405 1308 454 quis
1348 414 1404 442 est
1439 407 1664 443 communis
1699 420 1838 444 cursus

522 471 684 508 nature3
723 476 815 511 ymo
855 464 902 499 de
940 463 976 499 vi
1015 463 1123 499 vocis
1162 463 1355 511 sequitur,
1396 466 1505 512 quod
1546 467 1651 501 Deus
1690 465 1730 502 in
1768 465 1838 502 tali

524 520 675 557 efficaci
716 534 914 557 concursu
953 520 1192 557 miraculose
1232 521 1410 569 disponit
1449 530 1690 568 creaturam,
1737 523 1872 560 sicut5

523 578 744 627 indisponit
783 579 1028 627 potenciam,
1073 592 1095 615 a
1134 591 1212 627 qua
1252 579 1452 615 subtrahit
1496 592 1757 627 concursum3
1803 589 1840 617 et

523 636 612 672 talis
660 636 876 685 disposicio
922 645 990 673 aut
1041 636 1299 684 indisposicio
1346 646 1513 673 vocatur
1560 639 1608 674 de
1651 638 1687 674 vi
1731 639 1839 675 vocis

523 694 722 742 potencia,
762 695 886 732 virtus
919 695 980 731 vel
1013 694 1186 743 qualitas
1225 695 1556 742 supernaturalis,
1598 696 1691 745 quia
1725 696 1840 733 aliter

524 765 604 788 non
649 761 751 789 esset
796 753 1021 789 membrum
1069 754 1119 788 ad
1163 754 1432 800 probandum,
1479 755 1588 801 quod
1628 756 1733 790 Deus
1772 755 1839 791 dat

525 810 702 858 aliquam
737 811 974 859 qualitatem
1013 810 1373 858 supernaturaliter
1411 819 1545 859 preter
1580 824 1836 849 communem
1860 827 1898 848 xo

526 881 687 904 cursum
719 877 881 915 nature;
916 877 953 905 et
984 868 1086 905 forte
1118 869 1265 905 talibus
1299 869 1514 906 evidenciis
1543 869 1712 906 involuti
1735 879 1838 917 sunt,

525 926 592 974 qui
614 935 761 974 negant
777 935 1002 963 creaturam
1026 926 1243 975 quicquam
1268 939 1396 975 agere,
1422 928 1490 963 sed
1506 929 1589 963 Deo
1613 928 1838 964 attribuunt

524 993 653 1020 totum
699 998 812 1033 opus,
866 985 959 1034 quia
1003 984 1179 1031 indubie,
1232 984 1263 1020 si
1307 984 1438 1021 omnis
1489 984 1596 1021 nisus
1645 986 1840 1023 naturalis

527 1051 708 1078 creature
746 1042 1003 1091 suspenditur
1039 1055 1060 1079 a
1093 1045 1191 1089 Deo,
1230 1051 1323 1078 tunc
1361 1042 1448 1090 ipsa
1486 1056 1567 1079 non
1604 1044 1841 1081 naturaliter

528 1100 610 1148 agit
641 1113 754 1148 opus,
788 1100 881 1137 licet
910 1103 1014 1137 Deus
1046 1109 1183 1137 utatur
1214 1100 1301 1148 ipsa
1334 1109 1543 1149 tamquam
1577 1114 1675 1149 pure
1707 1114 1837 1149 passo.
1861 1106 1897 1138 15

587 1160 663 1195 Pro
696 1158 899 1195 solucione
932 1158 1045 1195 istius
1079 1158 1245 1195 materie
1276 1167 1436 1206 oportet
1469 1167 1584 1195 acute
1610 1159 1841 1207 prospicere

530 1215 636 1252 dicta
669 1218 717 1253 de
750 1217 915 1264 agencia
947 1216 1019 1253 Dei
1052 1218 1102 1253 ad
1136 1225 1264 1262 extra;
1304 1218 1411 1265 quod
1444 1225 1486 1252 ut
1519 1217 1588 1253 fiat
1620 1218 1839 1265 recencius,

528 1276 751 1310 notandum
791 1276 1010 1311 secundum
1051 1274 1258 1311 dominum
1297 1276 1598 1311 Ardmacanum
1637 1275 1740 1312 libro
1771 1280 1839 1324 170

528 1333 577 1368 de
616 1332 890 1381 questionibus
921 1334 1190 1369 Armenorum
1231 1332 1408 1380 capitulo
1447 1334 1623 1370 secundo
1657 1343 1693 1370 et
1724 1333 1840 1381 infra,

529 1392 637 1438 quod
669 1391 941 1439 sextupliciter
972 1399 1104 1439 potest
1136 1390 1304 1438 intelligi
1329 1392 1455 1427 Deum
1489 1403 1606 1439 agere
1639 1392 1689 1427 ad
1719 1400 1839 1429 extra.
1857 1406 1899 1427 20

586 1448 719 1485 Primo
751 1462 850 1497 pure
882 1450 1070 1496 creando,
1093 1449 1195 1485 sicut
1217 1448 1257 1485 in
1279 1448 1477 1496 principio
1501 1449 1640 1486 mundi
1663 1449 1842 1486 condidit

529 1515 746 1554 creaturas,
787 1516 824 1544 et
856 1507 896 1544 in
928 1507 996 1544 illo
1028 1520 1172 1555 genere
1206 1506 1367 1543 creandi
1406 1515 1497 1543 sunt
1533 1507 1647 1543 multi
1680 1509 1839 1555 gradus,

526 1573 570 1600 ut
602 1573 753 1601 tactum
789 1574 846 1602 est
877 1565 1073 1613 superius.

599 1731 639 1750 10.
658 1723 752 1750 Cod..·
774 1700 936 1758 supn²alssr
957 1726 997 1757 (=
1013 1725 1311 1759 supernaturaleter).

603 1829 652 1861 18.
687 1830 791 1863 Liber
815 1829 880 1863 hoc
905 1831 980 1862 loco
1008 1840 1030 1862 a
1056 1831 1210 1873 W‘iclifio
1238 1835 1539 1862 commemoratus
1566 1830 1679 1862 editus
1705 1836 1756 1863 est
1779 1831 1841 1863 sub

529 1876 651 1908 titulo:
689 1877 832 1908 Summa
870 1877 1010 1908 Domini
1053 1876 1215 1907 Richardi
1259 1876 1433 1918 Radulphi
1476 1876 1738 1918 Archiepiscopi
1777 1878 1840 1908 Ar-

529 1922 688 1953 machani
728 1924 770 1954 de
807 1923 993 1954 Erroribus
1030 1924 1274 1963 Armenorum,
1314 1924 1498 1954 emendata
1524 1933 1543 1953 a
1567 1923 1643 1956 Joh.
1678 1923 1841 1954 Ludoris.

529 1970 678 2000 Parisiis.
703 1969 854 2001 Joannes
881 1970 968 2000 Petit
993 1970 1116 2009 MDXI,
1153 1969 1230 2000 Fol.
1263 1971 1336 2012 (Cf.
1363 1971 1505 2012 Panzer
1536 1970 1659 2002 annal.
1694 1974 1840 2012 typogr.

538 2016 611 2054 VII,
639 2025 727 2058 pag.
759 2017 849 2052 554)
889 2025 978 2057 quae
1014 2016 1125 2048 editio
1166 2016 1251 2048 mihi
1285 2021 1433 2057 praesto
1473 2026 1540 2048 non
1570 2016 1663 2057 fuit;
1706 2016 1842 2048 idcirco

529 2062 659 2094 codicis
683 2062 843 2094 Palatini
871 2062 1148 2095 Vindobonensis
1182 2063 1275 2093 4819
1313 2062 1369 2102 qui
1407 2063 1626 2103 quaestiones
1663 2062 1728 2094 hoc
1765 2063 1841 2094 loco

531 2112 832 2140 commemoratas
870 2108 1021 2147 exhibet,
1060 2119 1124 2151 ope
1156 2109 1289 2152 afferre
1326 2110 1440 2140 visum
1473 2113 1534 2147 est,
1573 2117 1662 2148 quae
1701 2109 1843 2141 ineunte

531 2164 610 2197 cap.
636 2156 657 2185 2
683 2155 765 2186 libri
790 2155 896 2187 XVII
922 2156 1099 2196 leguntur,
1138 2159 1242 2195 atque
1273 2154 1363 2186 duas
1389 2156 1532 2196 priores
1563 2154 1695 2197 agendi
1732 2154 1845 2186 divini

533 2201 692 2233 rationes
728 2201 916 2232 secundum
952 2201 1090 2243 Wiclzfii
1129 2201 1388 2243 expositionem
1424 2201 1507 2234 bene
1540 2201 1725 2232 illustrant
1754 2200 1842 2240 (cod.

525 2248 591 2290 fol.
626 2248 751 2288 266¹).-
792 2247 891 2279 Unde
927 2252 1175 2288 consequenter
1206 2248 1454 2290 compellimur
1492 2247 1754 2289 responsionem
1789 2248 1842 2278 in·

533 2294 672 2334 quirere
698 2294 759 2332 ita,
793 2298 828 2324 ut
856 2304 923 2326 non
952 2304 1120 2336 negemus
1145 2294 1281 2325 ericium
1309 2293 1484 2330 acciones;
1522 2298 1560 2325 ut
1586 2293 1700 2337 igitur
1725 2303 1842 2325 rumo-

534 2350 613 2370 rum
652 2339 810 2382 vigorem
837 2341 977 2382 plenius
1009 2349 1258 2382 agnoscamus,
1296 2345 1466 2371 naturam
1506 2339 1639 2371 radicis
1668 2340 1843 2381 primitus

533 2386 679 2427 expedit
704 2387 909 2418 inscrutari.
947 2386 1067 2428 Igitur
1092 2387 1169 2418 volo
1202 2391 1235 2418 te
1260 2390 1362 2418 acute
1394 2386 1595 2425 advertere,
1629 2385 1721 2427 quod
1747 2386 1843 2418 Deus

534 2432 666 2464 dicitur
694 2432 939 2473 multipliciter
964 2443 1074 2475 agere
1101 2437 1301 2465 creaturas.
1333 2432 1408 2465 Uno
1430 2432 1544 2470 modo,
1572 2432 1757 2464 causando
1777 2433 1842 2464 ali-

536 2479 619 2518 quid
637 2479 799 2521 proprie,
827 2480 918 2510 sicut
943 2479 977 2510 in
999 2479 1181 2521 principio
1207 2479 1281 2522 egit
1307 2479 1418 2511 celum
1446 2483 1480 2510 et
1507 2483 1655 2517 terram,
1682 2479 1775 2510 nullo
1794 2479 1843 2510 eis

535 2525 729 2567 supposito,
762 2525 832 2557 nisi
862 2534 897 2556 se
929 2525 1014 2567 ipso,
1047 2531 1079 2558 et
1104 2527 1167 2557 hoc
1194 2525 1298 2557 modo
1324 2525 1482 2556 accionis
1508 2525 1641 2567 legitur
1668 2524 1763 2556 Deus
1790 2533 1843 2556 re-

536 2572 703 2613 quievisse
721 2571 778 2603 die
795 2572 942 2613 septimo
960 2573 1004 2602 ab
1023 2572 1120 2603 omni
1145 2581 1260 2613 opere,
1286 2571 1380 2612 quod
1398 2576 1561 2612 pararat
1575 2573 1662 2602 Gen.
1683 2572 1726 2602 20
1746 2571 1842 2611 capi-

536 2618 619 2649 tulo.
658 2618 732 2650 Nec
763 2622 894 2649 extunc
925 2619 1115 2659 quitquam,
1149 2622 1185 2648 ut
1217 2618 1351 2655 estimo,
1385 2618 1435 2648 ita
1468 2618 1549 2659 egit,
1584 2627 1625 2649 ne
1652 2621 1738 2649 esset
1764 2617 1843 2658 pri-

538 2664 724 2695 mordialis
751 2664 930 2696 institucio
957 2664 1218 2696 demonstrata.
1244 2664 1323 2695 Alio
1350 2664 1454 2695 modo
1474 2663 1607 2695 dicitur
1622 2664 1717 2695 Deus
1735 2672 1844 2704 agere

538 2720 605 2742 non
633 2711 829 2749 causando,
854 2710 915 2742 sed
942 2710 1147 2742 immediate
1166 2715 1199 2741 et
1215 2710 1432 2752 sufficienter
1450 2710 1678 2751 supponendo
1697 2718 1842 2741 causam

539 2757 762 2789 materialem
789 2756 860 2788 sive
886 2757 1090 2795 subiectum,
1118 2757 1151 2787 in
1171 2757 1262 2798 quod
1288 2757 1378 2798 agit,
1400 2766 1468 2798 per
1487 2765 1583 2796 quem
1606 2755 1747 2788 modum
1768 2756 1845 2798 agit

538 2803 609 2835 sive
626 2803 751 2847 fingit,
780 2807 817 2834 ut
842 2804 947 2835 verbo
974 2808 1057 2834 utar
1082 2803 1267 2845 scripture,
1295 2803 1490 2839 animas..
1510 2825 1517 2832 .
1537 2825 1545 2833 .
1564 2806 1667 2842 etsqq.
