2056 3234
1718 171 1736 197 Ι.)

1744 176 1767 208 4..

1778 162 1793 197 ’.ΙἹ

206 167 331 205 Quaest.
353 169 404 196 111·
485 171 716 210 Quaestiones
741 170 873 211 logicae
901 177 933 201 et
960 169 1233 211 philosophicae.

204 277 353 314 animal
375 286 510 314 tamen
539 278 587 313 ab
617 276 781 313 animali
812 275 1131 312 substancialiter
1154 284 1191 312 et
1213 275 1511 312 accidentaliter

205 334 365 371 difficile
389 334 665 382 distingwitur.
689 336 770 370 Nec
792 342 951 382 oportet
974 332 1084 381 sequi
1108 345 1150 369 ex
1173 333 1247 369 ista
1266 332 1510 370 diffinicione

204 392 393 442 Anselmi,
439 394 545 440 quod
590 391 621 427 si
658 391 821 428 libertas
858 391 908 427 sit
951 399 1128 439 potestas
1166 391 1347 427 servandi
1392 391 1509 427 recti-

203 450 380 486 tudinem
414 449 644 497 voluntatis,
689 450 796 497 quod
829 448 947 497 igitur
979 447 1019 485 se
1051 447 1137 496 ipsa
1168 448 1352 484 libertate
1384 448 1510 496 possit

169 515 186 548 5
202 507 350 544 servari
374 507 571 543 rectitudo
593 506 828 551 voluntatis;
854 515 890 542 et
914 518 983 554 per
1006 518 1253 554 consequens
1276 506 1360 542 sine
1374 506 1509 554 gracia

201 574 358 612 gratum
391 564 575 615 faciente,
612 573 655 601 ut
687 563 783 600 dicit
817 563 998 611 Pelagius
1036 564 1270 608 Monachus,
1311 565 1417 611 quod
1452 573 1508 600 est

201 622 362 668 heresis,
394 630 437 658 ut
459 623 628 659 habetur
649 622 751 658 libro
775 620 1138 669 Ethimologiarum
1163 621 1334 666 Ysidori,
1358 621 1459 657 libro
1484 622 1505 657 8

200 681 248 716 de
300 679 516 716 heresibus.
572 680 649 716 Alii
700 688 843 716 vocant
888 691 975 715 eam
1020 687 1259 726 potestatem
1314 678 1507 726 peccandi

200 747 237 774 et
280 751 360 774 non
404 737 610 785 peccandi,
658 738 765 786 quod
808 749 889 773 non
929 745 986 773 est
1028 748 1165 773 verum
1216 736 1504 773 universaliter.

146 795 460 843 10Augustinus:
505 795 666 831 libertas
699 803 755 831 est
796 795 963 831 facultas
1006 793 1191 838 racionis,
1235 807 1313 842 qua
1355 795 1505 830 bonum

200 852 357 901 eligitur
378 852 513 901 gracia
537 853 744 890 assistente
765 852 826 888 vel
859 852 1009 888 malum
1034 851 1168 899 gracia
1202 851 1412 888 deficiente
1443 852 1504 888 vel

49 919 89 951 F.
111 919 183 953 185¹
199 910 423 947 desistente.
453 910 457 961 Ι

255 971 360 1004 Noto
398 969 586 1014 secundo,
631 968 739 1016 quod
776 967 1008 1003 libertatum
1048 967 1126 1003 alia
1165 976 1221 1003 est
1260 979 1330 1014 per
1369 979 1422 1012 se,
1463 976 1504 1004 ut
1527 973 1674 1013 Different
1695 975 1784 1002 kinds

198 1025 282 1071 Dei,
318 1026 393 1062 alia
429 1034 576 1071 creata,
612 1034 648 1062 et
680 1025 770 1061 talis
804 1033 860 1061 est
894 1024 1113 1073 multiplex,
1148 1025 1320 1073 quedam
1354 1026 1504 1062 habens
1570 1009 1605 1036 of
1621 1009 1740 1046 hberty.

145 1083 492 1129 15rectitudi11em,
541 1085 713 1132 quedam
759 1094 910 1128 carens,
962 1083 1111 1119 habens
1156 1084 1328 1130 quedam
1376 1092 1505 1119 servat

196 1141 486 1189 separabiliter,
521 1142 692 1189 quedam
727 1141 845 1177 habet
868 1139 1200 1188 inseparabiliter.
1237 1142 1386 1177 Carens
1411 1154 1504 1189 que-

197 1200 288 1235 dam
342 1208 450 1235 caret
502 1198 843 1247 recuperabiliter,
896 1199 1068 1246 quedam
1123 1198 1502 1246 irrecuparabiliter.

199 1257 390 1304 Exempla
422 1256 581 1293 dimitto
605 1269 725 1293 causa
746 1256 960 1293 brevitatis.

251 1314 396 1351 Tercio
428 1323 524 1351 noto
557 1315 776 1351 secundum
808 1313 1077 1350 venerabilem
1100 1314 1333 1349 Anselmum
1367 1313 1406 1350 in
1430 1327 1501 1350 suo
1594 1319 1667 1359 Will
1690 1321 1731 1383 ils·

1545 1363 1693 1389 QquVOCss
1724 1365 1754 1383 ln

139 1371 354 1420 20dialogo
393 1373 440 1408 de
474 1371 617 1409 Libero
648 1371 838 1418 Arbitrio,
885 1373 992 1420 quod
1030 1372 1132 1408 sicut
1169 1371 1273 1407 visus
1312 1371 1503 1419 equivoce
1546 1390 1688 1425 meaning
1708 1391 1767 1418 and

196 1428 353 1476 dicitur,
387 1429 442 1466 sic
474 1430 670 1466 voluntas.
709 1431 909 1466 Vocamus
949 1428 1055 1465 enim
1095 1429 1224 1465 visum
1256 1429 1502 1477 principium
1526 1425 1778 1487 iltigyinsstti-ii‘ing‘ssi

195 1486 275 1523 sive
315 1487 442 1523 eciam
487 1487 800 1523 instrumentum
847 1486 1065 1523 extrinsece
1109 1487 1326 1535 loquendo,
1372 1487 1409 1523 id
1445 1496 1502 1524 est
1541 1493 1773 1556 egglffignidnffliee

193 1544 350 1581 radium
374 1546 657 1592 procedentem
681 1557 753 1593 per
784 1545 936 1591 oeulos,
970 1557 1050 1593 quo
1084 1544 1276 1581 sentimus
1309 1545 1439 1581 lucem
1465 1554 1502 1581 et
1557 1562 1636 1590 wish
1656 1563 1747 1590 itself.

194 1615 269 1650 que
308 1602 348 1638 in
385 1603 473 1639 luce
512 1611 622 1649 sunt3
668 1611 704 1639 et
748 1602 893 1639 dicitur
937 1602 1041 1639 visus
1086 1615 1186 1650 opus
1231 1602 1499 1649 instrumenti,

136 1672 176 1704 25
193 1661 354 1708 quando
379 1672 424 1697 eo
447 1660 611 1706 utimur,
635 1660 675 1696 id
698 1668 754 1696 est
775 1660 887 1697 visio.
921 1659 985 1697 Sic
1009 1661 1148 1697 eodem
1174 1662 1296 1696 modo
1318 1661 1501 1697 voluntas

192 1726 359 1754 vocatur
397 1718 706 1754 instrumentum
745 1717 917 1764 volendi,
956 1719 1063 1767 quod
1103 1726 1160 1754 est
1200 1718 1240 1754 in
1273 1718 1421 1765 anima,
1463 1727 1500 1755 et

194 1775 338 1811 dicitur
369 1776 550 1812 voluntas
582 1775 687 1812 visus
721 1775 816 1812 eius.
862 1775 972 1812 Sicut
1012 1775 1115 1812 enim
1155 1775 1296 1822 visum,
1337 1776 1403 1824 qui
1443 1785 1500 1812 est

193 1833 517 1880 instrumentum,
562 1835 769 1879 habemus,
810 1835 971 1882 quando
1014 1846 1095 1870 non
1139 1833 1332 1879 videmus,
1370 1833 1498 1870 visum

193 1899 342 1938 autem,
388 1891 456 1940 qui
502 1900 559 1928 est
601 1904 715 1940 opus,
760 1904 842 1927 non
881 1891 956 1927 nisi
996 1892 1157 1940 quando
1197 1891 1397 1928 videmus:
1442 1891 1499 1928 sic

136 1962 177 1993 30
192 1950 388 1995 voluntas,
422 1950 530 1998 quod
563 1958 620 1985 est
642 1948 885 1997 principium
909 1949 1227 1994 instrumentale,
1262 1962 1418 1998 semper
1442 1958 1499 1986 est

192 2006 232 2042 in
256 1999 403 2053 anima,
438 2019 538 2054 opus
572 2015 703 2043 autem
738 2006 849 2043 istius
883 2006 923 2042 in
956 2006 1091 2043 anima
1123 2020 1204 2043 non
1237 2006 1312 2049 nisi
1337 2009 1498 2055 quando

192 2064 326 2113 aliqua
349 2065 545 2101 volumus.
581 2067 635 2101 Ex
668 2065 743 2101 hoc
774 2073 897 2112 patet,
922 2064 1015 2113 quid
1042 2065 1090 2101 sit
1113 2065 1299 2113 potencia
1322 2065 1495 2101 volitiva.

260 2199 291 2231 7.
339 2189 391 2232 Cf.
436 2190 558 2221 Isidori
604 2190 735 2231 Hispal.
773 2189 1022 2232 Etymologiar.
1063 2189 1137 2221 Lib.
1163 2190 1238 2221 VIII
1277 2189 1318 2223 63
1359 2189 1498 2232 (Migne

190 2235 375 2268 LXXXII
388 2237 500 2276 3059:
528 2235 710 2278 Pelagiani
725 2246 747 2267 a
766 2235 908 2278 Pelagio
929 2236 1097 2268 monacho
1124 2236 1262 2268 exorti:
1288 2236 1324 2267 hi
1349 2236 1495 2268 liberum

190 2281 378 2313 arbitrium
406 2282 548 2314 divinae
573 2282 647 2323 legi
663 2286 894 2323 anteponunt,
922 2282 1075 2314 dicentes
1093 2283 1257 2324 sufficere
1276 2282 1495 2314 voluntatem

176 2327 238 2358 *acl
263 2328 440 2368 implenda
467 2328 561 2360 iussa
586 2327 719 2360 divina.
820 2338 869 2359 10.
897 2329 936 2359 In
963 2338 1035 2360 rem
1055 2329 1134 2371 fere
1160 2328 1294 2360 cadunt
1319 2338 1407 2370 quae
1433 2338 1495 2360 ex-

184 2373 290 2413 ponit
316 2374 531 2415 Augustinus
556 2375 607 2405 De
635 2374 760 2406 Libero
786 2374 940 2405 Arbitrio
966 2374 990 2414 1,
1018 2384 1091 2415 cap.
1109 2374 1152 2405 XI
1179 2374 1368 2414 inscripto:
1393 2374 1496 2406 ,Mens

189 2429 237 2451 ex
278 2419 387 2451 libera
436 2420 617 2452 voluntate
666 2420 806 2452 libidini
846 2421 1002 2452 serviens
1036 2420 1189 2461 punitur
1229 2420 1317 2452 iuste
1358 2420 1495 2462 (Adigne

188 2464 467 2508 XXXII1233)
481 2470 513 2498 et
527 2467 578 2498 De
593 2472 712 2497 natura
728 2472 761 2498 et
774 2467 892 2507 gratia,
908 2477 981 2507 cap.
997 2467 1091 2497 XLV
1105 2466 1242 2508 (Migne
1256 2467 1377 2499 XLIV
1389 2467 1492 2505 286).

193 2521 242 2554 19.
295 2513 347 2554 Cf.
392 2512 547 2543 Anselmi
592 2512 849 2543 Cantuariensis
894 2513 1026 2554 dialog.
1077 2512 1119 2543 de
1170 2512 1295 2543 Libero
1333 2511 1493 2552 Arbitrio,

188 2567 261 2598 cap.
288 2558 329 2588 ΙΙΙ
362 2558 502 2598 (Migne
537 2558 689 2589 CLVIII
710 2559 821 2597 494).
851 2581 858 2589 .
878 2581 885 2589 .
905 2581 912 2589 .
933 2558 1034 2590 Sicut
1059 2558 1192 2589 nullum
1221 2559 1492 2590 instrumentum

187 2603 298 2635 solum
325 2603 389 2635 sibi
412 2604 617 2647 sufficitad
643 2604 879 2645 op.randum;
907 2608 1038 2643 tamen,
1066 2614 1144 2636 cum
1172 2604 1298 2636 desunt
1322 2604 1394 2642 illa,
1418 2605 1494 2637 sine

187 2649 306 2690 quibus
341 2650 574 2682 instrumento
607 2651 658 2681 uti
690 2649 881 2692 nequimus,
914 2649 1186 2681 instrumentum
1220 2659 1282 2682 nos
1312 2649 1494 2682 cuiuslibet

187 2695 301 2734 operis
326 2695 450 2728 habere
477 2696 550 2728 sine
570 2695 736 2738 falsitate
752 2697 926 2738 fatemur.
970 2695 1072 2734 Quod
1103 2699 1140 2726 ut
1173 2697 1205 2727 in
1235 2696 1352 2727 multis
1377 2696 1491 2727 anim-

186 2741 366 2779 advertas,
400 2741 433 2773 in
467 2752 535 2774 uno
572 2741 632 2773 tibi
663 2742 878 2774 monstrabo.
910 2741 1037 2773 Nullus
1069 2741 1179 2773 visum
1207 2741 1334 2774 habens
1362 2741 1494 2773 dicitur

158 2804 162 2807 -
188 2786 387 2820 nullatenus
407 2797 514 2828 posse
539 2787 657 2820 videre
684 2792 835 2819 montem
855 2810 863 2819 .
881 2810 890 2818 .
909 2810 917 2819 .
937 2791 1092 2830 etqusqu.
