2056 3234
226 252 276 289 232

262 365 464 400 appropriate

287 401 461 428 erfections.

232 437 259 464 II
277 456 283 462 .
306 436 438 463 Because
458 434 493 462 of

286 479 302 498 a
323 470 438 497 certain

298 505 429 540 analogy

955 249 1179 281 JOHANNIS
1204 248 1373 280 WICLIF
1682 244 1771 272 CAP.
1792 245 1829 272 ΙΙ.

514 355 786 392 diversitatem
811 355 851 390 in
875 368 1018 402 genere
1051 367 1133 390 non
1165 354 1312 391 sufficit
1340 354 1472 390 unitas
1502 353 1656 401 generis
1680 355 1729 390 ad
1754 355 1831 390 hoc

513 414 620 462 quod
659 413 794 461 aliqua
833 421 1121 460 comparentur
1166 413 1206 448 in
1246 412 1328 457 illo,
1363 420 1405 448 ut
1444 411 1569 448 nichil
1607 420 1664 447 est
1703 412 1830 459 magis

513 472 648 508 album
684 484 804 519 quam
840 470 1038 518 reliquum
1076 479 1132 506 est
1165 470 1338 517 nigrum,
1373 482 1432 514 eo,
1468 470 1575 516 quod
1601 481 1830 516 commune,

235 541 372 568 between
393 546 489 577 genus
512 529 551 565 in
590 541 669 577 quo
710 528 841 576 primo
881 527 1134 573 conveniunt,
1181 537 1238 564 est
1271 540 1393 576 genus
1433 526 1593 573 coloris,
1634 535 1671 563 et
1705 528 1832 563 multo

256 574 316 602 and
337 582 467 609 specics.

514 586 639 634 magis
679 586 899 634 passiones,
946 586 1156 634 privativa,
1204 594 1240 621 et
1285 585 1472 633 potencia
1517 597 1596 620 non
1641 593 1732 620 sunt
1776 585 1832 621 sic

514 644 809 692 comparabiles
842 645 892 680 ad
925 643 1109 689 invicem,
1143 652 1186 679 ut
1218 642 1342 679 nichil
1375 651 1432 679 est
1466 642 1592 689 magis
1625 655 1831 690 magnum,

514 715 634 751 quam
671 702 870 750 reliquum
895 710 952 738 est
974 714 1158 749 parvum,
1193 710 1230 737 et
1253 701 1309 737 sic
1333 702 1380 737 de
1404 699 1615 745 similibus,
1650 700 1832 748 quamvis

513 773 637 796 unum
662 772 701 796 se
725 761 869 796 habeat
894 760 1085 807 analoyce
1109 759 1148 795 in
1172 772 1242 795 suo
1262 771 1419 806 genere,
1445 757 1547 794 sicut
1570 757 1768 806 reliquum
1791 758 1832 794 in

514 831 586 855 suo
610 830 774 866 genere3
798 817 980 866 quamvis
1005 817 1109 854 enim
1135 818 1273 853 eadem
1300 817 1349 853 sit
1372 815 1482 853 racio
1506 815 1693 853 animalis
1716 829 1832 864 gene-

515 875 610 913 ralis
633 876 673 912 in
698 875 861 911 homine
885 884 922 912 et
946 874 984 911 in
1009 875 1136 921 asino,
1170 884 1306 911 tamen
1329 874 1408 911 alia
1431 883 1489 910 est
1512 873 1622 910 racio
1646 874 1831 911 animalis

516 933 701 982 specialis
734 933 774 969 in
807 933 983 979 homine,
1024 942 1062 969 et
1095 932 1173 969 alia
1206 932 1316 969 racio
1349 931 1535 969 animalis
1568 932 1752 980 specialis
1792 932 1832 968 in

516 991 643 1028 asino.
677 993 725 1027 Et
750 1000 919 1039 utraque
942 990 1112 1027 istarum
1136 990 1343 1027 racionum
1370 999 1429 1026 est
1459 1002 1593 1036 causa,
1627 990 1719 1026 licet
1750 1003 1832 1027 non

517 1049 712 1098 proxima,
748 1062 871 1097 quare
904 1048 1056 1085 animal
1079 1048 1226 1085 dicitur
1250 1050 1297 1084 de
1321 1048 1484 1084 homine
1508 1056 1544 1084 et
1569 1047 1694 1084 asino.
1729 1051 1830 1084 Nam

517 1108 611 1156 quia
644 1108 766 1143 homo
800 1116 858 1144 est
890 1106 1042 1143 animal
1074 1106 1291 1151 racionale,
1332 1106 1423 1142 ideo
1463 1114 1520 1143 est
1559 1105 1724 1150 animah
1764 1107 1832 1142 sed

517 1165 663 1213 primo,
680 1165 774 1214 quia
796 1164 1026 1201 substancia
1046 1164 1225 1201 animata
1243 1163 1455 1209 sensibilis,
1479 1163 1570 1201 ideo
1593 1173 1650 1200 est
1669 1163 1831 1200 animal.

515 1223 680 1259 Animal
718 1236 812 1271 ergo
851 1224 1071 1259 secundum
1106 1222 1282 1259 diversas
1316 1221 1500 1258 raciones
1534 1221 1719 1259 convenit
1751 1221 1833 1258 suis

517 1281 739 1330 speciebus,
761 1289 797 1317 et
813 1280 869 1317 sic
884 1293 965 1317 non
981 1293 1078 1328 pure
1094 1280 1277 1326 univoce,
1294 1289 1336 1316 ut
1355 1279 1507 1328 species
1526 1279 1831 1328 specialissima.

575 1340 758 1375 Secunda
782 1351 903 1375 causa
925 1338 982 1374 sic
1012 1338 1267 1386 intelligitur:
1303 1337 1511 1386 quodlibet
1535 1350 1659 1386 genus
1683 1338 1834 1374 habens

517 1397 704 1444 proprias
744 1396 996 1433 differencias
1036 1397 1156 1433 habet
1194 1409 1315 1433 unam
1357 1395 1571 1444 positivam
1612 1395 1835 1443 superemi-

516 1463 691 1499 nentem,
717 1463 753 1491 et
777 1454 896 1491 aliam
914 1454 1148 1491 defectivam
1174 1454 1248 1490 sibi
1271 1454 1518 1502 oppositam,
1542 1462 1579 1490 et
1603 1453 1834 1490 differencia

517 1512 687 1560 positiva
710 1512 920 1548 constituit
948 1512 1121 1560 speciem
1146 1511 1496 1560 perfectissimam,
1529 1524 1606 1560 que
1631 1520 1836 1548 mensurat

518 1570 616 1607 alias
649 1570 801 1618 species
834 1570 873 1606 in
906 1570 1172 1618 perfeccione,
1207 1571 1427 1606 secundum
1462 1571 1571 1618 quod
1604 1570 1693 1617 plus
1727 1570 1836 1606 elon-

519 1637 663 1676 gantur
690 1629 751 1665 vel
784 1628 1114 1676 appropinquant
1146 1628 1202 1664 illi
1235 1627 1382 1676 speciei
1414 1627 1454 1663 in
1487 1627 1759 1676 perfeccione3
1793 1638 1836 1664 ut

520 1686 723 1723 racionale
774 1695 832 1722 est
883 1686 1161 1736 substancialis
1210 1686 1395 1734 qualitas,
1451 1686 1699 1722 constituens
1745 1698 1834 1722 cum

520 1757 664 1792 genere
696 1744 869 1792 speciem
896 1743 1084 1790 Hominis,
1110 1753 1147 1780 et
1169 1753 1213 1780 ut
1245 1743 1322 1780 alia
1354 1743 1506 1791 species
1539 1743 1725 1780 animalis
1748 1744 1836 1791 plus

520 1802 719 1838 similatur
762 1801 910 1850 speciei
955 1801 1144 1849 hominis,
1191 1811 1248 1839 est
1287 1801 1521 1850 perfeccior,
1569 1810 1618 1847 et,
1664 1810 1707 1837 ut
1747 1802 1837 1849 plus

522 1861 745 1907 elongatur,
799 1869 856 1896 est
901 1859 1192 1908 imperfeccior.
1247 1862 1295 1896 Et
1339 1859 1395 1896 sic
1440 1868 1496 1896 est
1541 1861 1588 1895 de
1629 1859 1837 1907 speciebus

521 1930 870 1966 quorumcumque
905 1918 1076 1954 aliorum
1112 1930 1316 1966 generum.
1356 1919 1447 1953 Non
1480 1917 1585 1953 enim
1620 1926 1677 1953 est
1709 1917 1838 1965 possi—

522 1975 612 2021 bile,
658 1977 767 2023 quod
811 1976 943 2024 alique
989 1977 1064 2012 due
1109 1975 1261 2023 species
1294 1975 1371 2011 sint
1405 1975 1570 2011 omnino
1608 1975 1717 2023 paris
1750 1988 1839 2023 per-

521 2033 712 2070 feccionis
753 2034 1038 2080 essencialiter,
1083 2034 1177 2082 quia
1216 2042 1407 2081 pereunte
1448 2035 1574 2081 gradu
1615 2043 1652 2069 et
1697 2033 1838 2069 ordine

523 2091 671 2139 periret
711 2091 951 2128 constitucio
991 2091 1160 2140 generis,
1205 2093 1313 2139 quod
1352 2099 1556 2139 oporteret
1594 2091 1754 2128 fundari
1798 2091 1839 2127 in

523 2149 664 2186 ordine
714 2162 877 2186 suarum
924 2149 1106 2197 parcium
1151 2148 1477 2194 subiectivarum,
1531 2149 1632 2185 sicut
1678 2158 1839 2197 oportet

524 2207 761 2244 continuum
800 2207 959 2244 fundari
998 2207 1038 2243 in
1076 2207 1216 2244 ordine
1249 2207 1430 2255 parcium
1466 2207 1837 2255 quantitativarum.

524 2268 579 2302 Ex
619 2278 697 2314 quo
741 2274 865 2313 patet,
911 2267 1019 2313 quod
1064 2278 1188 2313 genus
1227 2266 1402 2314 quadam
1443 2265 1653 2313 prioritate
1696 2274 1839 2302 nature

594 2408 623 2435 9,
645 2407 686 2427 10.
714 2399 864 2435 generalis
890 2399 921 2427 in
940 2415 974 2419 —
994 2399 1158 2427 racionalis
1185 2400 1222 2426 ab
1248 2400 1346 2427 altera
1376 2407 1468 2427 manu
1495 2399 1525 2427 in
1554 2400 1700 2435 margine
1724 2399 1839 2427 codicis

524 2456 705 2492 suppletum.
774 2456 816 2484 25.
842 2456 936 2484 Cod.:
957 2457 1041 2492 '‘plus
1061 2443 1133 2485 ‘'aflss
1150 2457 1241 2484 silat2.

527 2545 598 2572 sect
626 2541 681 2580 29)
700 2564 707 2571 .
727 2566 734 2574 .
755 2567 761 2574 .
782 2545 815 2572 et
840 2541 902 2573 hoc
928 2541 1143 2580 intendebat,
1168 2551 1245 2573 cum
1274 2541 1370 2573 dixit
1397 2542 1494 2574 verbi
1517 2541 1640 2583 gratia
1670 2541 1836 2583 quoniam

527 2586 560 2617 in
587 2586 706 2617 colore
731 2591 806 2624 etex,
833 2587 871 2618 id
896 2592 956 2625 est,
985 2588 1151 2629 quoniam
1172 2589 1270 2620 color
1289 2597 1356 2619 non
1376 2588 1605 2630 coniungitur
1622 2598 1698 2619 cum
1718 2589 1838 2621 colore

526 2632 716 2664 secundum
745 2633 837 2675 quod
863 2638 914 2664 est
939 2634 1038 2665 color
1063 2638 1215 2672 tantum,
1250 2635 1414 2676 quoniam
1448 2636 1546 2666 color·
1578 2634 1750 2666 dividitur
1769 2644 1838 2675 per·

527 2678 746 2721 differentias
772 2679 966 2711 attributas
993 2680 1104 2711 colori
1129 2680 1318 2719 divisivas;
1344 2685 1377 2712 et
1403 2681 1492 2712 istae
1512 2680 1739 2723 differentiae
1756 2684 1838 2712 sunt

528 2724 690 2756 diversae
713 2725 903 2756 secundum
919 2726 1070 2767 formas
1096 2731 1129 2758 et
1154 2727 1364 2766 subiectum;
1385 2726 1460 2758 -nisi
1483 2727 1709 2768 comparatio
1727 2727 1838 2758 cadat

528 2771 622 2802 inter
647 2770 706 2802 illa
733 2771 802 2803 duo
830 2771 863 2802 in
897 2772 1021 2804 eadem
1055 2773 1168 2813 specie
1200 2773 1339 2810 coloris,
1373 2773 1538 2814 quoniam
1567 2772 1600 2804 in
1627 2773 1699 2804 istis
1720 2777 1839 2813 potest

529 2826 603 2848 esse
628 2818 851 2857 comparatio
870 2822 903 2849 et
921 2818 1132 2857 coniunctio,
1160 2819 1257 2850 verbi
1271 2819 1395 2860 gratia
1416 2818 1449 2850 in
1470 2818 1605 2850 duobus
1623 2819 1709 2850 albis
1729 2829 1836 2860 quon-

527 2863 603 2899 iam·
613 2863 777 2904 possibile
796 2867 847 2895 est
866 2863 984 2897 dicere
1002 2865 1154 2897 alterum
1175 2874 1248 2897 esse
1267 2865 1382 2897 albius
1409 2865 1550 2908 reliquo,
1577 2869 1641 2896 aut
1665 2865 1835 2899 similiter.

1852 887 1890 908 10

1853 1167 1889 1198 13>

1853 1745 1893 1778 25

1855 2037 1896 2069 30
