2056 3234
227 199 316 227 CAP·
338 198 404 227 XX·
551 202 610 234 DE
637 202 759 234 ENTE
787 201 1207 233 PREDICAMENTALI.

227 315 486 355 componunt,
522 306 732 343 actualiter
764 315 855 343 sunt
888 306 1063 343 minores
1095 319 1167 342 suo
1190 313 1289 351 toto,
1325 314 1534 342 causantes

227 365 484 415 relacionem,
529 374 572 401 ut
605 377 747 413 puram
789 363 1099 413 proposcionem
1140 362 1305 400 minoris
1338 362 1535 411 inequali-

227 423 320 459 tatis
353 432 390 459 et
423 423 550 459 multa
581 423 690 459 talia.
724 424 773 458 Et
805 422 837 459 si
871 422 1070 459 extensive
1102 422 1317 470 loquamur
1349 422 1397 457 de
1427 434 1533 458 com-

227 480 322 528 poni
355 482 404 517 ad
444 480 562 517 istum
603 493 778 527 sensum,
827 481 935 528 quod
975 488 1290 528 composuerunt
1328 479 1388 515 vel
1427 491 1536 515 com-

193 538 397 586 5ponent3
446 551 571 587 quare
616 551 697 574 non
741 538 796 574 sic
841 539 1088 587 loquendum
1133 545 1234 574 esset
1279 549 1368 573 cum
1414 538 1533 573 verbo

226 596 394 643 essendi,
428 597 536 645 quod
569 598 619 632 ad
651 608 809 632 sensum
844 595 1096 632 consimilem
1130 594 1247 631 sunt?
1279 597 1380 631 Nam
1414 607 1533 631 nemo

225 653 393 700 dubitat,
441 653 537 703 quin
569 654 658 690 talis
691 666 797 702 pars,
844 655 1006 702 quando
1045 653 1131 699 fuit,
1178 652 1406 700 composuit
1440 665 1533 688 con-

222 711 346 757 tinue,
380 720 417 748 et
450 713 610 760 quando
644 711 760 748 desiit
792 724 889 758 esse,
927 711 1043 747 desiit
1082 722 1324 759 componere
1362 710 1463 746 sicut
1497 718 1533 746 et

223 778 350 806 toturn
388 769 503 806 desiit
536 768 724 817 componi
758 782 802 806 ex
833 769 900 806 illa
931 769 990 806 vel
1024 769 1169 805 habere
1202 768 1313 804 illam
1347 781 1420 816 pro
1450 767 1533 803 eius

169 838 208 859 10
224 836 355 876 parte3
401 828 607 876 quomodo
652 839 745 875 ergo
789 840 895 864 nunc
940 826 1159 874 componit,
1205 825 1349 862 sinon
1389 825 1532 871 existit,

222 897 294 921 nec
317 898 387 922 sua
411 884 669 933 composicio.
707 885 847 922 Omnis
882 885 1023 921 modus
1057 884 1244 931 habendi,
1278 883 1403 920 eciam
1437 883 1531 919 alie-

221 942 423 990 nissimus,
456 956 537 992 quo
569 943 627 980 vir
660 943 779 979 habet
811 955 988 988 uxorem,
1022 942 1190 991 requirit
1222 941 1402 978 habitum
1447 953 1530 977 esse

222 1013 311 1037 cum
346 1003 518 1038 habente
551 1001 717 1045 actuali;
753 1013 847 1049 ergo
881 1000 1093 1038 causancia
1126 999 1296 1049 requirit
1328 999 1525 1036 actualem

221 1058 476 1096 existenciam
511 1058 727 1105 causantis,
762 1059 833 1095 etsi
866 1058 1031 1107 ampliet
1064 1071 1144 1107 quo
1177 1059 1227 1094 ad
1261 1066 1483 1094 causatum.

166 1115 202 1147 15
277 1119 325 1153 Et
346 1117 422 1153 ista
447 1116 724 1154 consideracio
748 1118 795 1153 de
819 1116 1047 1153 extensione
1079 1115 1301 1152 successiva
1334 1114 1526 1162 temporis

220 1184 257 1211 et
290 1174 588 1223 composicione
628 1174 710 1211 eius
743 1187 786 1211 ex
825 1175 905 1211 suis
949 1174 1130 1223 partibus
1176 1174 1360 1210 movebat
1393 1174 1527 1220 Augu-

218 1232 367 1269 stinum
395 1236 465 1268 110
484 1232 788 1269 Confessionum
824 1234 873 1269 ad
906 1231 1185 1280 ampliandum
1218 1232 1339 1268 verba
1369 1232 1416 1267 de
1439 1243 1527 1279 pre-

218 1290 332 1328 senti.
378 1292 492 1327 Unde
536 1299 625 1338 post
668 1291 828 1338 longam
874 1289 1193 1338 disputacionem
1235 1290 1282 1325 de
1315 1288 1527 1325 existencia

217 1348 409 1397 temporis
453 1348 660 1396 presentis,
706 1348 885 1396 preteriti
938 1357 974 1384 et
1018 1347 1141 1384 futuri
1184 1346 1367 1383 concedit
1413 1347 1525 1392 bene,

160 1415 202 1436 20
218 1409 326 1455 quod
358 1405 389 1442 si
428 1415 586 1453 tempus
624 1419 704 1442 non
742 1415 799 1443 est
837 1406 1003 1454 longum
1041 1406 1101 1442 vel
1146 1404 1415 1441 mensurabile
1454 1416 1526 1440 nec

216 1463 382 1510 visibile,
429 1465 503 1500 hoc
547 1473 683 1501 tamen
721 1463 817 1501 dicit
855 1476 895 1500 se
934 1463 1048 1509 scire,
1095 1464 1201 1511 quod
1240 1471 1399 1510 tempus
1438 1474 1526 1510 pre-

215 1522 378 1559 teritum
403 1531 440 1558 et
462 1522 656 1568 futurum,
690 1521 935 1570 ubicumque
967 1530 1071 1567 sunt,
1104 1521 1158 1557 ibi
1192 1519 1398 1569 presencia
1420 1528 1524 1556 sunt.

215 1581 306 1616 Ideo
338 1588 454 1617 vocat
486 1589 644 1628 tempus
677 1579 926 1627 preteritum,
966 1591 1127 1627 presens
1166 1580 1214 1615 de
1246 1577 1448 1626 preterito,
1488 1586 1525 1613 et

215 1647 371 1686 tempus
404 1638 582 1674 futurum
617 1650 777 1685 presens
807 1639 855 1673 de
878 1637 1025 1683 futuro,
1059 1646 1102 1673 ut
1136 1636 1283 1685 inquit:
1322 1635 1523 1682 „Pueritia

158 1693 197 1725 25
216 1708 316 1742 mea,
358 1708 435 1744 que
468 1696 546 1732 iam
580 1708 660 1732 non
694 1705 763 1740 est,
804 1695 843 1731 in
876 1703 1057 1743 tempore
1096 1695 1286 1742 preterito
1320 1702 1376 1730 est
1416 1695 1523 1741 quod

213 1753 291 1789 iam
325 1766 405 1790 non
438 1754 535 1790 est.⁷‘
571 1755 663 1789 Ideo
695 1754 915 1790 secundum
950 1765 1041 1789 eum
1068 1752 1202 1788 omnia
1228 1761 1412 1800 tempora
1437 1763 1523 1798 pre-

211 1811 329 1848 terita
361 1820 397 1847 et
430 1812 563 1847 futura
595 1819 697 1848 sunt.
736 1813 848 1847 Unde
883 1811 968 1846 83³¹
994 1812 1156 1856 Quaest.
1190 1809 1423 1858 quaestione
1454 1809 1522 1844 15³

216 1870 372 1915 „Omne
405 1869 640 1917 preteritum
665 1869 744 1905 iam
769 1882 848 1905 non
873 1878 942 1914 est,
976 1881 1096 1904 omne
1130 1868 1307 1904 futurum
1341 1868 1520 1903 nondum

213 1935 284 1974 est,
316 1940 436 1964 omne
470 1939 563 1975 ergo
597 1926 832 1975 preteritum
867 1935 904 1962 et
937 1926 1116 1962 futurum
1151 1927 1273 1961 deest.
1319 1927 1399 1961 Nec
1433 1937 1522 1972 pre-

157 1983 198 2014 30
213 1984 374 2021 teritum
415 1998 508 2033 ergo
547 1997 619 2021 nec
659 1985 836 2020 futurum
877 1985 945 2020 sed
985 1996 1103 2020 omne
1142 1995 1304 2031 presens
1337 1991 1393 2018 est
1426 1990 1522 2030 aput

278 2128 321 2157 23.
344 2130 531 2166 preteritum]
553 2130 639 2157 cod.:
667 2137 802 2165 presens.
876 2136 921 2163 24.
944 2129 1046 2156 futuro
1066 2128 1178 2163 scripsi
1195 2128 1261 2155 cod.
1272 2138 1282 2155 .·
1308 2128 1464 2163 preterito.

284 2223 332 2256 17.
371 2213 425 2256 Cf.
456 2214 544 2255 Aug.
578 2212 737 2245 Confess.
763 2212 806 2244 XI
839 2211 888 2253 18,
917 2213 956 2246 23
997 2212 1138 2254 (Migne
1163 2211 1314 2244 XXXII
1339 2211 1442 2252 818).·
1482 2211 1522 2243 Si

209 2260 298 2292 enim
332 2264 412 2292 sunt
425 2260 559 2302 futura
593 2264 626 2292 et
653 2259 868 2302 praeterita,
900 2259 978 2291 volo
1011 2259 1102 2291 scire
1134 2258 1192 2290 ubi
1223 2261 1314 2290 sunt.
1358 2257 1465 2300 Qod
1490 2257 1521 2289 si

198 2306 365 2338 nondum
399 2307 511 2346 valeo,
542 2307 616 2338 scio
650 2310 767 2338 tamen
803 2306 1009 2348 ubicumque
1035 2308 1128 2342 sunt,
1160 2314 1227 2336 non
1255 2303 1301 2336 ibi
1325 2313 1367 2336 ea
1385 2305 1519 2346 futura

209 2361 293 2391 esse,
324 2356 387 2384 aut
406 2351 623 2395 praeterita,
649 2352 711 2385 sed
730 2352 941 2394 praesentia
962 2376 969 2383 .
989 2375 996 2384 .
1016 2375 1024 2382 .
1043 2376 1050 2384 .
1081 2350 1296 2393 Ubicumque
1327 2359 1412 2392 ergo
1440 2354 1520 2381 sunt

209 2408 445 2441 quaecumque
475 2403 567 2437 sunt,
600 2408 668 2431 non
702 2403 783 2430 sunt
816 2399 884 2430 nisi
904 2398 1125 2439 praesentia.
1158 2396 1243 2428 lbid.
1272 2406 1326 2436 20,
1355 2394 1413 2427 26:
1447 2396 1520 2428 Nec

203 2445 353 2487 proprie
390 2445 523 2478 dicitur
554 2449 716 2487 tempora
759 2452 842 2476 sunt
872 2445 957 2483 tria,
988 2444 1243 2486 praeteritum,
1277 2452 1451 2485 praesens
1487 2447 1520 2474 et

202 2492 380 2533 futurum,
418 2491 479 2524 sed
501 2492 665 2533 fortasse
698 2491 846 2534 proprie
883 2491 1072 2529 diceretur,
1110 2494 1273 2531 tempora
1313 2493 1394 2520 sunt
1433 2488 1517 2527 tria,

201 2546 374 2578 praesens
407 2538 449 2571 de
469 2538 692 2579 praeteritis.
719 2546 894 2579 praesens
919 2536 962 2569 de
988 2536 1250 2578 praesentibus,
1276 2544 1451 2577 praesens
1477 2534 1519 2566 de

198 2583 347 2625 futuris.
467 2593 520 2624 24.
546 2583 630 2615 lbid.
656 2584 699 2615 XI
732 2581 781 2622 18,
810 2583 849 2616 23
878 2583 1019 2624 (MIgne
1045 2581 1195 2615 XXXII
1218 2582 1323 2621 818).·
1357 2581 1516 2613 Pueritia

207 2629 332 2672 quippe
351 2639 428 2662 mea
447 2634 552 2672 etqsq.
627 2639 680 2671 27.
701 2630 757 2672 Cf.
776 2630 864 2670 Aug.
883 2629 925 2660 de
944 2629 1096 2659 Diversis
1116 2628 1257 2666 Quaest.
1278 2633 1411 2669 quaest.
1426 2627 1516 2658 XVII

206 2676 289 2715 (non
316 2676 392 2717 XV)
419 2675 558 2718 (Migne
584 2674 645 2707 XL
671 2678 748 2716 15).·
785 2675 896 2707 Omne
922 2675 1159 2716 praeteritum
1179 2697 1188 2705 .
1209 2700 1217 2708 .
1235 2700 1243 2707 .
1263 2673 1418 2705 nondum
1446 2678 1517 2705 est.-

205 2731 308 2754 omne
346 2722 459 2764 igitur
494 2726 529 2754 et
558 2722 800 2764 praeteritum
840 2726 873 2754 et
901 2721 1072 2763 futurum
1114 2720 1221 2760 deest,
1264 2719 1362 2762 apud
1398 2719 1514 2750 Deum

205 2773 323 2800 autem
361 2768 450 2801 nihil
488 2768 600 2801 deest:
634 2778 697 2801 nec
728 2767 968 2810 praeteritum
1010 2768 1121 2809 igitur
1153 2776 1214 2798 nec
1242 2767 1424 2809 futurum,
1456 2765 1517 2797 sed

187 2811 311 2846 *omne
331 2825 505 2856 praesens
531 2819 584 2846 est
609 2814 707 2855 apud
735 2814 857 2846 Deum.

1746 205 1815 240 ¹91

1586 1120 1681 1147 Proof
1696 1120 1775 1147 from

1587 1155 1769 1189 Augustine.
