2056 3234
224 195 310 222 CAP·
332 195 382 221 XI·
550 198 607 229 DE
635 197 756 229 ENTE
785 196 1205 228 PREDICAMENTALI.

224 304 484 340 confirmacio
508 304 619 340 istius
644 312 712 349 cst,
747 305 854 352 quod
880 307 985 340 Deus
1009 304 1174 352 propius
1197 304 1399 340 beatificat
1423 317 1530 340 crea-

223 371 367 407 turam,
407 375 527 410 quam
567 362 737 409 ipsamet
777 375 816 398 se
856 361 1071 407 beatificat,
1113 362 1144 397 si
1183 361 1239 397 sic
1276 362 1383 407 facit,
1425 363 1531 409 quod

223 433 302 456 non
341 429 454 465 esset,
494 419 569 455 nisi
603 421 707 456 Deus
745 419 931 467 proprius
970 420 1119 456 faceret
1151 428 1284 456 actum
1319 419 1532 456 beatitudi-

224 478 295 522 nis,
330 490 449 526 quam
483 477 654 524 ipsamet
688 486 892 523 creatura;
933 490 1027 525 ergo
1066 491 1146 514 non
1185 486 1315 525 potest
1348 487 1532 514 creatura

191 535 526 582 5ydemptificare
560 547 614 580 se,
656 548 745 571 cum
780 535 852 571 iste
885 535 934 571 sit
967 544 1078 571 actus
1112 535 1365 580 iudiciarius3
1406 536 1532 571 multo

226 592 355 628 minus
390 605 482 640 ergo
507 602 640 640 posset
663 593 891 629 beatificare
915 605 974 638 se3
1008 602 1103 629 tunc
1127 593 1232 629 enim
1258 602 1358 629 esset
1382 605 1533 629 merces

224 664 294 687 sua
326 651 441 697 plene
480 651 520 686 in
552 650 636 686 eius
674 659 885 698 potestate,
927 659 964 686 et
1003 663 1074 698 per
1113 663 1361 698 consequens
1400 659 1534 698 posset

225 707 514 744 beatitudinem
554 709 604 744 ad
647 717 784 744 votum
826 708 1027 744 dimittere
1069 717 1105 744 et
1145 708 1265 744 aliam
1306 716 1531 744 creaturam

223 766 453 802 beatificare
487 774 523 802 et
557 767 790 813 dampnare,
833 766 927 813 quia
960 767 1036 802 hoc
1074 766 1276 802 videretur
1309 778 1532 802 consonan-

171 838 209 858 10
224 823 321 869 cius,
363 836 483 872 quam
525 825 634 871 quod
672 823 770 859 illud
804 832 895 871 agat
934 823 1065 871 primo
1099 824 1139 859 in
1179 836 1220 860 se
1255 825 1454 860 movendo
1492 836 1532 859 se

222 894 294 929 per
325 894 365 917 se
404 890 441 917 et
475 881 616 929 primo,
658 882 750 917 dum
787 883 854 917 dat
893 881 967 917 sibi
1006 881 1081 929 ipsi
1121 882 1271 917 donum
1312 881 1528 929 optimum.

282 942 378 975 Item
423 939 579 975 videtur
618 951 661 974 ex
699 939 786 984 isto,
828 940 937 987 quod
978 941 1083 975 Deus
1121 939 1216 975 facit
1263 952 1425 976 omnem
1471 952 1533 976 ac-

224 998 378 1034 cionem
414 998 474 1033 vel
509 1005 676 1043 motum,
710 998 818 1044 quod
851 1006 1060 1044 repugnat.

283 1056 415 1092 Primo
461 1068 504 1091 ex
555 1056 641 1100 hoc,
690 1056 798 1103 quod
851 1057 956 1091 Deus
1005 1057 1247 1101 comederet,
1293 1064 1454 1103 rugaret
1499 1063 1535 1091 et

171 1115 361 1150 15omnes
395 1122 506 1149 actus
540 1122 721 1148 creature
744 1113 904 1156 faceret,
938 1114 1046 1160 quod
1080 1122 1137 1149 est
1160 1113 1279 1150 nimis
1313 1113 1533 1149 dissonum.

282 1172 466 1208 Secundo
513 1183 556 1206 ex
600 1171 687 1215 hoc,
735 1172 843 1219 quod
888 1172 993 1206 Deus
1038 1183 1177 1207 omnes
1222 1180 1334 1208 actus
1366 1170 1536 1207 viciosos

224 1230 383 1274 faceret,
430 1238 466 1265 et
499 1241 568 1277 per
613 1241 874 1276 consequens,
910 1241 1000 1264 cum
1046 1229 1225 1276 prevenit
1257 1228 1536 1265 necessitando

224 1297 447 1324 creaturam
472 1289 520 1323 ad
546 1298 706 1322 onmem
731 1295 864 1322 actum
900 1295 937 1323 et
970 1287 1133 1322 modum
1159 1287 1317 1335 agendi,
1342 1286 1534 1335 sequitur,

224 1347 331 1393 quod
364 1358 444 1381 non
467 1345 568 1380 iuste
592 1345 802 1380 damnaret
826 1354 1050 1381 creaturam
1087 1357 1159 1391 pro
1193 1354 1298 1390 actu,
1333 1346 1382 1381 ad
1416 1357 1534 1392 quem

168 1413 209 1434 20
223 1403 434 1439 necessitat
458 1404 626 1438 eandem
651 1403 871 1438 secundum
896 1402 979 1438 eius
998 1403 1316 1450 beneplacitum3
1340 1402 1535 1450 sequitur,

224 1474 313 1497 cum
350 1464 454 1497 Deus
477 1460 601 1496 libere
624 1460 936 1496 contradictorie
960 1460 1163 1496 concurrit
1186 1461 1273 1508 plus
1296 1461 1356 1497 vel
1389 1460 1534 1505 minus,

224 1528 266 1555 ut
311 1520 453 1567 placet,
500 1518 608 1566 quod
652 1527 787 1565 posset
830 1531 911 1554 non
957 1530 1209 1564 concurrere,
1257 1527 1293 1555 et
1338 1531 1409 1566 per
1443 1530 1536 1554 con-

223 1589 391 1625 sequens
425 1585 461 1613 et
494 1584 676 1612 creatura
722 1585 855 1624 posset
900 1589 970 1624 per
1002 1588 1041 1611 se
1075 1589 1192 1623 agere
1225 1576 1307 1612 sine
1340 1588 1536 1612 concursu

223 1634 308 1681 Dei,
349 1643 385 1671 et
418 1632 714 1682 quantumlibet
758 1633 913 1671 modice
958 1634 1140 1682 potencie
1186 1643 1370 1671 creatura
1402 1641 1536 1681 posset

167 1692 206 1724 25
223 1705 293 1740 per
325 1705 364 1729 se
399 1704 515 1740 agere
547 1691 631 1727 sine
662 1705 859 1728 concursu
893 1692 965 1728 Dei
990 1700 1025 1728 et
1049 1691 1346 1739 quantumlibet
1379 1691 1536 1727 modice

223 1750 406 1797 potencie
452 1758 637 1786 creatura
670 1759 803 1797 posset
848 1763 939 1786 cum
985 1763 1181 1786 concursu
1216 1750 1287 1786 Dei
1320 1758 1536 1798 quantum-

223 1808 318 1844 libet
352 1807 601 1844 dissimiliter
645 1821 782 1855 agere3
828 1817 865 1844 et
908 1808 963 1844 sic
1012 1817 1144 1844 motus
1190 1821 1270 1844 non
1303 1816 1537 1856 sequeretur

225 1866 533 1913 proporcionem
569 1878 628 1911 eo,
674 1868 781 1914 quod
817 1865 948 1902 omnis
983 1875 1114 1903 motus
1148 1875 1336 1902 causatur
1369 1878 1413 1902 ex
1445 1878 1535 1912 pro-

222 1923 412 1971 porcione
445 1923 636 1971 completi
670 1924 823 1971 agentis
859 1925 908 1960 ad
942 1925 1187 1972 completum
1221 1937 1398 1971 passum.
1435 1925 1536 1960 Cum

166 1980 207 2011 30
223 1994 316 2028 ergo
350 1982 472 2017 totale
504 1993 624 2029 agens
648 1981 698 2017 sit
720 1982 779 2018 vel
803 1984 908 2018 Deus
931 1981 1086 2018 infinite
1110 1981 1295 2030 potencie
1328 1982 1388 2018 vel
1421 1981 1536 2017 aliter

222 2039 378 2075 infinita
411 2039 609 2087 potencia,
644 2052 720 2087 que
754 2042 859 2076 Deus
893 2049 951 2076 est
983 2041 1205 2076 secundum
1240 2039 1299 2076 sui
1332 2039 1535 2084 ultimum,

222 2097 439 2143 concurrit,
475 2097 577 2133 sicut
615 2105 651 2133 et
686 2097 833 2133 resistit
866 2097 1011 2145 agenti,
1036 2097 1230 2145 sequitur,
1265 2099 1372 2145 quod
1406 2096 1539 2132 omnis

223 2164 354 2190 motus
390 2164 576 2191 causatur
610 2167 652 2191 ex
686 2155 955 2203 proporcione
980 2155 1222 2203 equalitatis,
1258 2168 1348 2191 cum
1382 2155 1535 2190 nullum

222 2212 423 2248 infinitum
473 2222 530 2249 est
574 2212 730 2261 reliquo
777 2213 917 2249 maius.
975 2216 1057 2249 Nec
1101 2214 1205 2249 valet
1250 2213 1396 2259 dicere,
1430 2214 1538 2260 quod

165 2266 204 2300 35
223 2270 451 2318 proposcio,
488 2284 531 2307 ex
564 2284 642 2319 qua
668 2279 798 2307 motus
821 2271 1016 2318 provenit,
1051 2280 1107 2307 est
1130 2271 1231 2307 inter
1263 2271 1384 2307 totale
1418 2283 1538 2318 agens

197 2336 259 2363 -et
293 2337 447 2375 partem
482 2328 588 2376 passi
621 2330 681 2365 vel
721 2329 824 2364 inter
857 2328 1033 2376 parciale
1067 2341 1187 2376 agens
1221 2337 1257 2365 et
1291 2329 1414 2364 totale
1448 2341 1537 2376 pas-

221 2398 307 2421 sum
341 2387 401 2422 vel
433 2386 536 2422 inter
569 2387 743 2434 parciale
777 2399 898 2435 agens
939 2395 975 2422 et
1008 2386 1183 2434 parciale
1217 2399 1393 2434 passum,
1444 2385 1538 2434 quia

220 2443 421 2480 infinitum
463 2457 607 2492 magna
641 2453 697 2481 est
735 2444 950 2492 proporcio
984 2444 1195 2480 cuiuslibet
1234 2446 1377 2481 horum
1413 2444 1536 2480 trium

291 2609 342 2635 με.
359 2601 509 2628 beatificat
524 2604 655 2637 utroque
669 2602 737 2628 loco
753 2609 790 2628 ex
800 2585 868 2628 ffffti
885 2601 952 2628 ficat
967 2604 1147 2628 correctum.
1216 2608 1241 2634 2,
1258 2609 1286 2634 4.
1304 2600 1378 2628 Cod.
1391 2611 1400 2628 :
1419 2592 1538 2636 ipsanss

224 2674 355 2706 utroque
374 2671 440 2697 loco
507 2679 537 2704 4.
556 2670 650 2698 Cod.:
671 2678 708 2705 go
732 2663 771 2698 ffo
793 2679 821 2698 n.
844 2662 877 2706 {st
898 2671 982 2705 <ergo
1003 2678 1065 2698 non
1086 2670 1167 2697 enim
1188 2670 1313 2705 potest).
1380 2678 1422 2697 22.
1442 2669 1537 2697 δρα..-

224 2731 290 2776 mi}
318 2732 359 2767 iso
386 2740 465 2767 iuste
491 2732 641 2775 d'apnaret
666 2722 762 2767 ca⁹t²az
789 2748 808 2775 p
835 2744 902 2782 actu
929 2740 965 2766 ad
994 2731 1052 2775 qffe
1073 2740 1236 2767 necessitat
1256 2730 1311 2771 effi>
1336 2738 1391 2769 sqm
1412 2739 1477 2766 eius
1498 2731 1538 2766 bfi

186 2827 191 2829 Δ
224 2799 344 2851 placiti?
358 2814 390 2837 ut
411 2810 505 2844 placz.

1744 188 1815 226 t05

1556 1061 1624 1100 God
1647 1063 1673 1090 is
1694 1065 1743 1091 the
1763 1067 1823 1094 real

1575 1104 1747 1131 originator
1767 1101 1802 1129 of

1573 1139 1663 1168 every
1683 1135 1801 1166 action:

1574 1165 1676 1194 which
1697 1171 1801 1198 would

1627 1202 1750 1231 involve

1583 1237 1613 1269 a)
1636 1238 1700 1265 that
1720 1240 1790 1267 God

1558 1276 1641 1299 must
1661 1273 1737 1301 have
1758 1275 1817 1302 like

1601 1308 1695 1335 needs
1715 1309 1774 1336 and

1562 1342 1721 1370 afl'cctions
1742 1344 1816 1371 with

1602 1382 1774 1411 creatures;

1585 1412 1611 1450 b)
1632 1413 1697 1439 that
1716 1414 1786 1440 God

1563 1448 1730 1487 originates
1752 1448 1808 1475 evil

1626 1487 1754 1510 actions.
