2056 3234
173 548 191 580 5

154 847 192 868 10

153 1123 188 1156 15

144 1701 188 1733 ⁴25

148 1990 189 2021 30

68 2104 104 2135 F.
125 2113 189 2134 220

208 207 295 235 CAP-
317 206 397 234 XIV·
529 209 588 240 DE
616 209 738 240 ENTE
765 208 1184 239 PREDICAMENTALI.

208 313 424 351 coniuncto
466 325 624 350 movere
663 314 805 358 celum,
847 321 883 348 et
922 313 976 349 sic
1016 313 1164 360 placuit
1204 315 1286 348 Deo
1328 312 1510 348 ordinate

207 371 506 408 communicare
540 370 758 407 bonitatem
781 383 894 406 suam
929 370 1120 406 creaturis
1143 370 1236 416 suis,
1269 378 1311 405 ut
1335 369 1511 406 median-

207 429 311 465 tibus
350 428 426 465 illis
458 428 646 465 virtutem
685 427 970 476 recipientibus
1003 429 1051 463 ab
1092 428 1160 464 illo
1194 436 1231 463 et
1263 428 1382 463 motis
1416 428 1512 464 fina-

207 486 297 523 liter
328 488 553 534 producant
586 494 766 523 creature
799 485 838 520 in
861 485 1049 533 gradibus
1073 485 1146 521 sibi
1170 485 1509 522 connaturalibus.

265 546 313 580 Et
350 544 389 580 in
433 544 508 580 ista
548 543 857 591 equivocacione
902 542 1189 590 equivocarunt
1229 543 1342 578 multi
1382 542 1512 591 philo-

207 601 336 649 sophi,
390 610 432 637 ut
483 602 790 637 commentator
838 600 1012 648 imponit
1055 600 1253 637 Avicenne
1300 604 1344 648 90
1390 602 1513 637 Meta-

207 659 357 707 phisice
382 662 439 706 70,
474 660 581 706 quod
613 659 697 706 ipse
730 667 766 694 et
789 657 856 694 alii
889 659 1113 694 habuerunt
1143 659 1350 694 cerebrum
1385 671 1406 694 a
1429 660 1512 694 Deo

202 716 486 764 ¹indispositum
503 717 551 752 ad
568 716 949 763 philosophandum,
966 717 1073 763 quod
1089 724 1334 763 negaverunt
1352 728 1511 751 omnem

208 783 436 810 creaturam
471 774 618 810 habere
651 773 852 810 accionem
888 773 1109 821 propriam,
1145 775 1252 821 quod
1285 773 1326 809 in
1357 782 1513 809 senten-

208 831 268 868 cia
308 831 477 867 destruit
516 831 699 879 proprias
738 831 1009 879 perfecciones
1056 839 1092 866 et
1134 830 1318 866 entitates
1359 840 1513 867 creatu-

207 902 356 936 rarum,
392 901 466 937 que
500 889 714 936 capiuntur
747 890 795 925 ab
829 888 1059 924 accionibus
1093 888 1176 924 eius
1211 888 1396 936 propriis,

264 949 369 983 Deus
403 947 507 982 enim
531 946 658 982 utitur
690 946 799 982 omni
823 952 965 994 agente
999 947 1174 983 secundo
1197 955 1239 982 ut
1272 958 1344 982 suo
1368 946 1513 982 instru-

207 1013 341 1041 mento
384 1005 471 1052 plus
505 1006 756 1052 dependente
795 1005 843 1040 ab
874 1004 973 1052 ipso,
1019 1016 1140 1052 quarn
1174 1004 1282 1040 calor
1321 1006 1369 1040 ab
1403 1003 1511 1051 igne3

206 1062 309 1109 ideo,
356 1075 446 1098 cum
495 1062 605 1098 calor
650 1075 731 1098 non
775 1061 936 1109 proprie
980 1062 1073 1110 agit,
1119 1062 1187 1097 sed
1226 1061 1339 1109 ignis,
1387 1061 1512 1097 videri

206 1128 350 1167 potest,
384 1121 491 1168 quod
515 1128 699 1156 creatura
722 1133 803 1156 non
826 1119 1000 1167 proprie,
1036 1120 1103 1155 sed
1123 1121 1228 1155 Deus
1251 1118 1346 1155 facit
1369 1131 1510 1166 opera,

206 1186 243 1213 et
276 1179 493 1213 concordat
526 1177 623 1213 illud
656 1179 798 1213 Matth.
830 1190 888 1213 10.
927 1180 1039 1224 „Non
1073 1176 1177 1213 enirn
1211 1189 1279 1213 vos
1314 1176 1418 1222 estis,
1444 1177 1512 1225 qui

205 1235 431 1283 loquimini,
481 1237 548 1271 sed
594 1234 755 1282 spiritus
802 1234 926 1283 patris
963 1234 1095 1279 vestri,
1142 1234 1208 1282 qui
1247 1234 1425 1282 loquitur
1472 1234 1512 1285 in

204 1293 356 1329 vobis.''
392 1294 441 1328 Et
474 1292 568 1329 talia
600 1302 691 1329 sunt
723 1294 849 1328 multa
882 1292 988 1329 dicta
1020 1292 1228 1339 scripture,
1263 1301 1298 1328 et
1330 1304 1511 1328 assensus

205 1349 404 1398 opinionis
436 1351 591 1398 wlgaris
626 1352 855 1396 concordat,
889 1363 965 1398 que
998 1350 1159 1386 ascribit
1181 1352 1264 1385 Deo
1292 1358 1418 1386 totam
1449 1362 1512 1386 ac-

206 1408 362 1444 cionem
396 1408 546 1445 mundi.
582 1409 757 1444 Econtra
790 1417 924 1444 autem
957 1407 1185 1456 philosophi
1220 1407 1369 1453 dicunt,
1405 1409 1512 1455 quod

207 1468 312 1501 Deus
358 1474 489 1502 movet
532 1474 575 1501 ut
614 1466 703 1502 finis
743 1466 963 1513 quamlibet
1011 1474 1197 1501 naturam
1238 1474 1422 1513 agentem
1467 1474 1510 1501 ut

205 1523 278 1559 sibi
316 1523 564 1568 servientem,
606 1532 642 1560 et
673 1523 795 1560 nichil
834 1536 903 1571 per
935 1536 975 1560 se
1013 1523 1244 1559 immediate
1283 1522 1376 1571 agit,
1416 1522 1511 1571 quia

206 1589 301 1617 tunc
333 1580 554 1627 vilesceret,
595 1581 697 1617 sicut
736 1594 800 1617 rex
839 1591 1020 1617 terrenus
1052 1581 1270 1628 vilesceret,
1308 1580 1339 1616 si
1373 1580 1513 1616 imme-

206 1638 311 1675 diate
343 1651 414 1686 per
446 1652 486 1675 se
519 1648 652 1687 ageret
683 1652 801 1675 omne
834 1652 947 1687 opus,
982 1641 1089 1687 quod
1122 1638 1215 1675 facit
1250 1638 1349 1674 alios
1383 1650 1511 1686 agere.

206 1698 283 1732 Sed
306 1697 515 1744 theologus
540 1697 719 1732 medians
742 1697 844 1733 inter
869 1699 938 1734 has
963 1698 1060 1732 duas
1087 1696 1168 1733 vias
1192 1705 1329 1732 notata
1353 1696 1512 1732 distinc-

206 1754 318 1790 cione
351 1754 531 1802 predicta
563 1756 610 1790 de
644 1754 809 1802 agencia
843 1755 937 1791 dicit
970 1763 1006 1790 et
1040 1757 1165 1790 Deum
1201 1766 1317 1802 agere
1350 1766 1512 1790 omnem

205 1824 287 1848 rem
322 1812 534 1859 positivam
570 1821 700 1848 actam
735 1821 771 1848 et
805 1812 1108 1848 communicare
1149 1811 1340 1848 creaturis
1373 1820 1511 1859 poten-

205 1869 306 1905 ciam
340 1871 389 1905 ad
423 1870 635 1917 agendum.
691 1871 804 1906 Unde
838 1871 978 1906 Matth.
1019 1870 1162 1905 ultimo
1204 1869 1361 1914 dicitur,
1404 1871 1511 1917 quod

206 1929 311 1962 Deus
345 1936 581 1975 cooperatus
615 1937 671 1963 est
705 1941 795 1963 curn
828 1927 1033 1975 discipulis
1067 1927 1107 1963 in
1140 1927 1301 1963 accione
1335 1926 1510 1974 speciali,

206 1993 242 2020 et
286 1985 372 2031 plus
414 1984 554 2031 evidet,
601 1987 709 2033 quod
753 1994 992 2033 cooperatur
1036 1998 1127 2021 cum
1173 1984 1258 2020 aliis
1303 1984 1510 2021 creaturis.

205 2044 305 2078 Nam
339 2042 452 2078 aliter
485 2056 564 2079 non
599 2044 825 2079 hortaretur
857 2043 1056 2091 scriptura
1097 2051 1179 2078 tam
1213 2043 1352 2078 crebro
1386 2042 1512 2078 horni-

204 2112 272 2135 nes
334 2100 505 2147 operari,
546 2109 589 2136 ut
622 2102 671 2137 ad
705 2101 805 2136 Gall.
842 2102 907 2136 60:
952 2102 1080 2147 „Dum
1114 2109 1271 2148 tempus
1305 2100 1511 2144 habemus,

275 2264 303 2289 4.
325 2257 588 2290 connaturalibus]
611 2257 641 2283 in
662 2260 746 2284 textu
766 2256 854 2284 cod.:
873 2242 972 2292 ‘'ffihb,
996 2256 1025 2283 in
1047 2256 1193 2292 margine
1212 2256 1329 2290 '‘9n²ab⁷

275 2360 304 2382 2.
340 2351 391 2393 Cf.
424 2351 586 2382 Averrois
625 2351 762 2382 Comm.
795 2351 829 2382 in
860 2351 963 2382 Arist.
1001 2350 1152 2393 Metaph.
1184 2351 1227 2381 IX
1261 2360 1280 2392 7
1313 2351 1396 2389 (Ea'.
1425 2350 1512 2392 Oppb.

205 2398 312 2429 Arist.
343 2398 458 2429 Venet.
495 2396 591 2428 VIII
610 2398 714 2438 109):
747 2397 914 2430 Moderni
939 2401 1058 2429 autem
1088 2401 1225 2439 ponunt
1260 2407 1364 2428 unum
1400 2406 1513 2440 agens

204 2444 324 2475 omnia
356 2443 452 2475 entia
487 2444 561 2475 sine
595 2444 719 2482 medio,
752 2444 882 2476 scilicet
910 2443 1037 2482 Deum,
1071 2448 1104 2475 et
1136 2444 1312 2485 contingit
1350 2443 1438 2483 istis,
1476 2447 1513 2473 ut

205 2489 336 2521 nullum
356 2499 415 2521 ens
442 2490 569 2521 habeat
595 2490 769 2522 actionem
796 2490 981 2531 propriam
1012 2490 1246 2531 naturaliter5
1271 2494 1303 2521 et
1322 2499 1398 2521 cum
1418 2489 1512 2520 entia

206 2545 272 2567 non
305 2535 492 2567 habuerint
523 2536 681 2567 actiones
713 2535 894 2576 proprias,
934 2545 1001 2567 non
1028 2535 1203 2567 habebunt
1235 2535 1404 2567 essentias
1430 2544 1514 2575 pro-

199 2581 323 2621 prias;
349 2582 506 2613 actiones
533 2582 624 2613 enim
653 2591 720 2612 non
739 2581 969 2614 diversantur
989 2582 1135 2623 nisiper
1153 2582 1322 2613 essentias
1341 2581 1511 2613 diversas.

206 2627 250 2658 Et
285 2627 353 2658 ista
384 2627 504 2669 opinio
539 2631 591 2659 est
624 2627 727 2659 valde
763 2632 942 2660 extranea
969 2636 991 2658 a
1019 2632 1150 2659 natura
1189 2627 1349 2664 hominis,
1388 2631 1421 2658 et
1455 2628 1513 2666 qui

207 2673 382 2715 recipiunt
404 2673 615 2712 huiusmodi,
648 2683 717 2705 non
751 2674 879 2706 habent
903 2674 1083 2706 cerebrum
1109 2672 1336 2705 habilitatum
1364 2677 1512 2704 natura-

204 2719 286 2750 liter
316 2719 366 2750 ad
400 2721 537 2751 bonum.
580 2719 631 2761 Cf.
660 2720 763 2751 etiam
791 2718 930 2751 Wiclifii
960 2719 1032 2758 „De
1059 2719 1310 2761 compositione
1335 2717 1511 2751 horninis”

206 2774 279 2806 cap.
307 2765 351 2796 IV
377 2766 444 2805 (ed.
466 2776 503 2804 p,
527 2766 596 2805 69).
705 2764 753 2796 16.
784 2765 912 2796 Matth.
935 2767 989 2803 lo,
1010 2766 1068 2797 20.
1149 2764 1202 2796 28.
1229 2765 1359 2796 Matth.
1381 2765 1437 2804 27,
1459 2766 1512 2795 20.

191 2811 261 2842 32.
290 2812 370 2842 Gal.
401 2813 433 2849 6,
457 2813 510 2842 10.

1722 209 1795 245 127

1611 551 1716 581 Proof:

1597 587 1618 614 I.
1643 588 1734 615 From

1571 622 1757 649 Averrhoes.

1587 956 1623 983 II.
1645 956 1738 983 From

1580 990 1747 1026 Scripture.
