2056 3234
234 201 322 228 CAP-
344 200 424 227 XVI·
579 202 636 233 DE
664 202 786 233 ENTE
814 201 1235 233 PREDICAMENTALI.
1755 196 1827 240 145

291 310 474 346 Secundo
510 309 629 344 modo
662 306 743 355 agit
766 309 870 343 Deus
902 308 1164 354 producendo
1197 306 1381 355 spiritum
1415 307 1543 344 racio—
1575 321 1599 342 2.
1623 314 1665 351 By
1684 320 1819 351 creatmg

232 368 383 413 nalem;
418 366 756 415 presupponendo
784 377 826 401 ex
853 365 938 412 lege
964 374 1106 401 nature
1133 364 1344 401 materiam
1374 365 1543 413 disposi-
1620 350 1670 376 ‘¹¹³
1690 351 1767 378 ³⁰¹st

231 434 314 461 tam
347 437 417 473 per
450 436 569 471 agens
602 423 785 459 naturale
818 423 1057 468 secundum3
1096 431 1133 458 et
1166 422 1241 459 isto
1276 424 1397 459 modo
1431 424 1542 470 fingit

230 484 291 519 vel
325 490 433 519 creat
466 481 620 518 animas
653 480 927 517 intellectivas.

198 546 214 577 5
288 540 431 576 Tercio
478 540 598 575 modo
644 538 724 586 agit
763 541 869 574 Deus
913 537 1093 585 graciose
1137 550 1235 586 pure
1280 550 1350 586 per
1389 550 1428 574 se
1467 551 1540 586 pro
1574 532 1815 596 {ngniplflsffiffs

230 597 502 646 supplecione,
544 609 665 644 quam
704 596 906 644 supponit,
946 604 988 631 ut
1029 595 1224 643 contingit
1265 596 1302 632 in
1338 595 1540 632 miraculis
1646 577 1746 638 graege.
1797 578 1815 604 g

229 655 462 692 suscitando
487 663 679 699 mortuos,
711 655 844 690 dando
868 653 1045 701 graciam
1071 662 1108 689 et
1134 653 1294 698 similia,
1331 661 1367 689 et
1401 667 1540 690 omnes

228 713 300 750 iste
323 722 401 750 tres
426 712 623 749 maneries
647 711 902 759 agenciarum
921 711 993 747 soli
1011 713 1094 747 Deo
1108 720 1276 759 possunt
1292 720 1540 759 competere3

228 780 265 807 et
304 773 352 807 de
392 771 474 807 istis
513 769 749 817 intelligitur
787 769 885 804 illud
925 771 977 805 lo.
1017 768 1092 805 5to3
1133 770 1311 817 „Opera,
1350 782 1427 817 que
1468 782 1540 817 ego

175 829 342 875 10facio,
387 827 664 865 testimonium
708 826 921 874 perhibent
965 828 1013 863 de
1058 839 1134 873 me,
1181 827 1275 875 quia
1319 836 1433 874 pater
1479 840 1540 863 me

226 887 374 923 misit.’'

284 946 436 989 Quarto
477 944 598 981 modo
637 942 717 991 agit
751 944 855 978 Deus
894 941 1131 978 coassistens
1168 951 1378 990 tamquam
1414 942 1539 978 virtus
1560 955 1588 981 4-
1610 948 1655 975 As
1676 956 1712 975 an
1734 949 1831 976 active

226 1002 388 1038 moralis
434 1001 627 1047 effectiva,
672 1000 752 1036 sive
791 1002 895 1036 Deus
940 1013 1019 1036 non
1059 1000 1184 1048 possit
1222 1012 1293 1048 per
1331 1013 1371 1036 se
1410 1001 1538 1036 solum
1578 984 1813 1053 chffiaclkpgffigr,

224 1059 354 1107 ipsum
390 1060 560 1105 efficere,
597 1068 639 1094 ut
672 1066 763 1095 sunt
796 1067 908 1094 actus
941 1057 1074 1094 anime
1108 1067 1146 1094 et
1177 1057 1327 1094 similes
1361 1058 1537 1099 effectus.
1597 1053 1695 1080 ‘'¹³¹¹'S
1717 1054 1794 1079 soul.

172 1122 206 1155 15
224 1117 291 1165 qui
314 1130 395 1153 non
418 1126 585 1165 possunt
609 1129 678 1165 per
700 1128 740 1152 se
764 1128 860 1161 esse,
890 1115 971 1152 sive
999 1115 1139 1163 possit,
1173 1125 1215 1152 ut
1244 1124 1336 1152 sunt
1359 1125 1539 1152 creature

224 1176 417 1221 absolute,
453 1184 489 1211 et
523 1175 591 1221 sic,
631 1183 673 1210 ut
707 1173 814 1218 dicit,
855 1186 936 1210 non
970 1173 1130 1221 attingit
1164 1176 1269 1210 Deus
1304 1173 1539 1210 immediate

223 1235 273 1269 ad
306 1243 456 1278 actum,
497 1242 534 1269 et
566 1233 641 1268 isto
682 1233 803 1267 modo
843 1231 1028 1279 intelligit
1066 1231 1164 1267 illud
1197 1233 1338 1270 Matth.
1375 1231 1537 1268 ultimo:

223 1291 411 1339 „Egressi
427 1299 558 1327 autem
577 1289 884 1338 predicaverunt
904 1289 1052 1338 ubique
1068 1289 1233 1325 domino
1250 1290 1535 1338 cooperante.''

280 1349 429 1394 Quinto
464 1349 583 1384 modo
617 1347 698 1395 agit
731 1350 835 1383 Deus
869 1348 1144 1383 conservando
1184 1359 1325 1384 causas
1359 1356 1535 1395 agente&
1552 1353 1587 1414 31⁵1
1601 1352 1829 1414 Qiffllssfflsisssg

165 1422 206 1442 20
280 1410 327 1443 Et
361 1414 469 1443 sexto
502 1405 729 1442 ordinando
763 1405 870 1453 ipsas
903 1417 993 1441 cum
1028 1405 1108 1441 suis
1142 1405 1359 1441 effectibus.
1604 1422 1631 1449 6.
1653 1422 1723 1449 And
1746 1423 1775 1449 in

280 1467 321 1501 ln
354 1473 497 1513 quarto
531 1465 651 1500 modo
685 1463 828 1511 agendi
861 1476 941 1499 non
974 1471 1031 1498 est
1065 1462 1143 1499 alia
1176 1462 1287 1499 accio
1311 1463 1383 1499 Dei
1413 1476 1533 1511 quam
1566 1457 1815 1518 ⁰¹'ffveissll1nr‘f'hgi‘rem

221 1535 338 1559 cause
383 1523 566 1558 secunde.
622 1524 664 1557 ln
715 1521 854 1569 quinto
906 1521 1027 1557 modo
1079 1520 1190 1557 accio
1236 1521 1307 1556 Dei
1357 1521 1536 1568 precedit
1634 1527 1747 1553 est'ects.

221 1580 427 1617 accionem
474 1588 669 1625 creature,
715 1588 752 1615 et
791 1578 831 1614 in
870 1587 977 1614 sexto
1019 1580 1139 1615 modo
1180 1578 1292 1615 accio
1334 1578 1405 1615 Dei
1447 1580 1536 1614 sub-

220 1638 400 1687 sequitur
433 1637 641 1674 accionem
675 1645 869 1673 creature.
903 1639 1005 1672 Nam
1039 1636 1141 1672 sicut
1174 1636 1283 1684 prius
1317 1645 1374 1672 est
1407 1639 1534 1673 Deum

164 1699 202 1732 25
221 1708 455 1732 conservare
487 1696 548 1732 vel
586 1703 809 1731 sustentare
849 1707 1010 1730 causam
1051 1695 1283 1740 secundam,
1323 1707 1444 1742 quam
1479 1703 1536 1730 est

220 1754 347 1802 ipsam
383 1766 499 1801 agere
533 1755 582 1789 ad
617 1761 737 1797 extra,
772 1752 827 1788 sic
860 1751 1057 1800 posterius
1097 1761 1153 1788 est
1188 1754 1315 1788 Deum
1349 1751 1536 1788 ordinare

221 1825 381 1848 causam
406 1820 587 1859 agentem
613 1824 703 1846 cum
727 1823 799 1846 suo
828 1811 1038 1857 producto,
1073 1822 1194 1857 quam
1229 1819 1286 1845 est
1320 1809 1536 1858 ipsammet

220 1882 349 1917 agere.
375 1871 452 1905 Sed
468 1869 744 1917 supponendo,
769 1870 876 1916 quod
901 1867 1029 1903 solum
1047 1868 1275 1903 absolutum
1301 1867 1350 1904 sit
1373 1867 1536 1915 proprie

220 1928 363 1975 agibile
409 1936 445 1963 et
490 1928 597 1975 quod
632 1929 759 1963 Deum
805 1938 922 1973 agere
968 1925 1120 1973 aliquid
1164 1938 1244 1961 non
1289 1925 1414 1973 ponit,
1460 1925 1535 1961 nisi

164 1990 204 2022 30
220 1988 347 2022 Deum
388 1998 471 2021 esse
511 1994 546 2021 et
586 1984 690 2020 idem
730 1983 792 2031 agi
833 1984 1052 2019 secundum
1094 1982 1177 2019 eius
1223 1983 1534 2031 beneplacitum,

220 2052 327 2092 patet
371 2043 550 2090 ulterius,
596 2043 703 2091 quod
748 2044 852 2078 Deus
896 2041 1020 2077 nichil
1065 2040 1145 2088 agit
1189 2042 1239 2076 ad
1288 2049 1408 2086 extra,
1460 2040 1535 2076 nisi

220 2110 446 2138 creaturam
493 2101 733 2145 absolutam,
777 2109 812 2136 et
851 2099 1066 2146 ipsammet
1106 2111 1151 2134 eo
1192 2098 1280 2146 ipso
1319 2098 1413 2146 agit,
1455 2111 1535 2147 quo

219 2160 305 2207 ipsa
339 2159 432 2206 agit.

279 2218 383 2261 Ideo,
418 2226 460 2253 ut
493 2215 718 2264 generalius
751 2216 905 2263 loquar,
942 2223 998 2250 est
1021 2213 1291 2250 necessarium
1318 2226 1360 2249 ex
1384 2226 1531 2262 suppo·
1551 2216 1619 2256 Goqi
1642 2217 1716 2244 does
1737 2225 1827 2256 every

164 2275 382 2321 35sicione,
417 2276 525 2323 quod
559 2276 665 2310 Deus
698 2273 817 2309 faciat
850 2285 968 2308 omne
1002 2271 1175 2308 factibile
1208 2271 1439 2319 positivum.
1567 2252 1809 2314 tplgtgipodfflge

279 2334 396 2378 Quod
452 2341 494 2368 ut
540 2331 786 2368 conformius
832 2331 1057 2366 declaretur
1101 2330 1321 2365 secundum
1374 2342 1532 2365 sensum
1549 2331 1729 2371 This-tru'th
1749 2338 1827 2360 rests

220 2390 324 2427 beati
364 2389 574 2438 Augustini
615 2398 652 2425 et
692 2388 860 2425 aliorum
902 2396 1146 2432 sanctorum,
1192 2386 1259 2435 qui
1298 2387 1534 2434 profundius
1567 2368 1756 2436 rec0¹g¹i1itt¹iign
1778 2403 1813 2429 of

220 2457 450 2496 sapuerunt,
497 2448 807 2496 supponendum
855 2455 910 2481 est
955 2458 1077 2480 unum
1113 2447 1239 2480 Deum
1275 2457 1372 2490 esse,
1426 2447 1535 2493 quod
1579 2437 1628 2463 ¹¹¹⁸
1648 2437 1799 2498 gffinoflss'

220 2507 348 2541 solum
383 2506 431 2541 sit
463 2505 733 2541 necessarium
774 2503 1010 2551 simpliciter
1050 2515 1133 2538 esse
1167 2502 1385 2538 essenciam
1420 2504 1534 2539 abso-

160 2577 204 2607 40
220 2564 358 2599 lutam.

290 2694 330 2719 14.
356 2685 448 2712 Coti:
469 2685 571 2721 pjsffie-
591 2684 695 2711 eslic'e.

289 2779 319 2811 o.
347 2769 403 2800 Jo.
424 2770 455 2807 5,
477 2770 535 2800 36.
636 2767 685 2799 18.
708 2767 820 2798 Marc.
844 2769 894 2804 16,
916 2768 972 2798 20.
1071 2767 1122 2807 37.
1143 2765 1339 2806 Augustini]
1361 2765 1404 2806 cf.
1424 2765 1533 2806 infra,

182 2816 185 2818 '
220 2825 303 2857 pag.
331 2816 407 2854 147,
432 2816 454 2845 l.
485 2818 517 2846 6.

1357 2878 1395 2898 10
