2056 3234
255 171 328 207 130

982 177 1204 209 JOHANNIS
1229 177 1397 208 WICLIF
1649 173 1738 201 CAP.
1759 173 1840 201 XIV.

537 283 693 320 maliter
735 283 960 320 faciendum
1009 292 1235 319 creaturam
1279 282 1519 319 racionalem
1567 284 1740 328 beatam,
1783 282 1844 318 vel

536 343 586 378 ad
618 341 810 377 obiective
840 342 902 377 vel
935 341 1107 377 finaliter
1144 341 1370 377 faciendum
1412 349 1636 376 creaturam
1669 341 1841 376 beatam.

538 399 671 436 Prima
702 399 992 435 beatificiencia
1037 399 1230 446 competit
1274 397 1513 434 beatitudini
1545 397 1773 443 subiective,
1808 406 1845 433 et

536 458 710 494 secunda
744 456 935 505 competit
968 456 1205 493 beatitudini
1238 455 1443 492 obiective.
1478 457 1526 491 Et
1557 455 1681 492 tercio
1712 463 1845 504 potest

537 515 665 563 accipi
709 528 781 563 pro
826 514 1077 561 causacione,
1123 527 1202 562 qua
1246 514 1468 550 subiectum
1503 515 1679 559 beatum,
1711 512 1877 561 prirnoss

539 574 743 618 merendo,
788 574 963 609 secundo
1008 572 1191 620 eligendo
1236 580 1273 608 et
1316 571 1552 608 sustinendo
1585 580 1719 608 actum
1754 572 1845 607 bea-

537 630 732 677 titudinis,
767 639 823 666 est
846 643 966 666 causa
997 642 1065 666 sue
1098 629 1259 677 proprie
1291 628 1561 666 beatitudinis.
1595 631 1681 665 Due
1710 638 1844 665 tamen

537 689 666 736 prime
698 688 1014 736 significaciones
1045 696 1137 724 sunt
1168 686 1417 724 famosiores.

596 746 750 782 Dicitur
781 754 916 782 tamen
960 745 1055 782 satis
1099 758 1202 791 vere,
1248 747 1355 793 quod
1387 753 1573 793 peccator
1607 746 1771 781 damnat
1803 757 1843 781 se

539 804 685 852 ipsum,
722 813 758 840 et
790 803 845 839 sic
877 803 1029 840 iudicat
1062 816 1101 839 se
1134 803 1277 851 ipsum,
1304 815 1393 839 cum
1428 803 1536 839 racio
1557 803 1617 840 vel
1640 802 1844 839 conscien-
1864 813 1903 834 10

540 862 600 898 cia
633 870 723 910 post
755 861 950 898 consentit
981 874 1021 897 se
1065 861 1182 908 digne
1221 862 1525 909 dampnandum
1558 869 1723 909 propter
1754 873 1844 908 pec-

540 929 671 956 catum
718 919 967 967 preteritum.
1013 918 1215 955 Premiare
1258 931 1351 955 vero
1395 918 1640 955 beatitudine
1674 926 1730 955 est
1763 921 1846 954 Deo

540 978 769 1026 proprium3
803 977 894 1013 ideo
927 978 1067 1013 beatus
1112 989 1192 1013 non
1236 977 1409 1024 premiat
1441 989 1481 1013 se
1512 977 1573 1013 vel
1606 976 1744 1022 aliurn,
1778 977 1848 1012 sed

540 1035 726 1072 dominus
750 1034 998 1083 simpliciter,
1033 1034 1099 1083 qui
1134 1043 1190 1071 est
1213 1037 1330 1072 Deus.
1365 1036 1516 1070 Merces
1550 1043 1683 1070 autem
1718 1042 1776 1070 est
1807 1033 1848 1069 in

539 1092 724 1141 potencia
769 1093 853 1139 Dei,
887 1101 930 1128 ut
972 1092 1059 1140 ipsa
1102 1093 1257 1128 fruatur
1300 1094 1639 1141 quandocumque
1683 1090 1905 1140 quante-15

540 1164 712 1199 cumque
744 1151 931 1193 voluerit;
964 1163 1046 1186 non
1079 1159 1226 1195 autem,
1260 1159 1303 1186 ut
1325 1150 1401 1198 ipsi
1424 1150 1583 1186 serviat.
1616 1151 1698 1186 Nec
1720 1150 1849 1198 sequi-

540 1218 617 1253 tur,
652 1210 760 1257 quod
793 1209 841 1245 sit
874 1208 914 1244 in
948 1208 1030 1244 eius
1058 1217 1269 1256 potestate,
1302 1220 1374 1244 nec
1407 1209 1516 1256 quod
1549 1209 1688 1244 beatus
1720 1217 1851 1256 potest

540 1267 786 1303 beatitudine
810 1266 1026 1311 dimittere,
1059 1278 1131 1302 nec
1155 1267 1268 1302 obest
1292 1274 1468 1302 mentem
1503 1274 1655 1302 motam
1689 1267 1737 1302 ab
1771 1265 1850 1302 alio

539 1337 580 1361 se
615 1337 791 1369 movere3
825 1324 856 1360 si
889 1333 1024 1360 tamen
1064 1332 1165 1360 esset
1208 1336 1279 1371 per
1310 1336 1349 1360 se
1382 1332 1419 1359 et
1452 1323 1584 1372 primo
1618 1335 1780 1360 movens
1814 1331 1851 1359 et

541 1391 708 1423 motum,
743 1391 839 1418 tunc
872 1390 972 1418 esset
994 1381 1033 1418 in
1058 1390 1149 1418 actu
1173 1391 1209 1418 et
1232 1381 1419 1429 potencia
1443 1390 1625 1429 respectu
1658 1380 1849 1426 eiusdem,
1868 1389 1909 1410 20

539 1440 633 1488 quia
667 1441 873 1476 movencia
906 1448 942 1475 et
975 1439 1106 1476 mocio
1148 1439 1467 1487 distingwuntur,
1502 1448 1539 1475 et
1571 1439 1620 1475 sit
1653 1438 1777 1486 prius,
1810 1447 1853 1475 ut

542 1511 716 1543 movens,
742 1511 861 1546 quam
896 1506 939 1533 ut
973 1506 1141 1534 motum.
1176 1499 1217 1533 In
1243 1500 1326 1534 Deo
1351 1510 1445 1545 ergo
1470 1505 1526 1533 est
1558 1509 1659 1544 pura
1694 1509 1852 1533 moven-

542 1556 615 1602 cia,
649 1565 686 1592 et
724 1555 808 1604 ipse
840 1555 1058 1592 immobilis
1092 1564 1224 1592 movet
1257 1555 1393 1592 onmia
1425 1554 1516 1591 alia.
