2056 3234
327 754 429 782 Three

271 790 485 816 conclusions:

272 832 292 851 1.
314 823 487 852 Substance

313 866 383 894 may
406 859 440 886 be

263 893 440 928 predic-ared
462 894 492 921 in

254 936 340 955 some
361 936 449 955 sense
469 928 504 955 of

268 971 359 999 every
378 964 490 999 enlity;

981 177 1205 209 JOHANNIS
1232 177 1400 208 WiCLIF
1695 175 1784 202 CAP.
1806 176 1844 203 V.

528 284 763 321 Aristoteles
799 287 842 331 7Ο
876 283 1136 331 Metaphisice
1169 293 1308 319 contra
1352 285 1472 331 ydeas
1506 284 1702 330 Platonis3
1748 285 1846 320 nulli

530 355 707 391 namque
741 342 909 378 dubium
943 341 1041 390 quin
1059 341 1293 378 Aristoteles
1329 343 1566 378 concederet
1598 342 1845 378 sentenciam

531 403 579 437 de
611 400 741 448 ydeis3
794 402 863 436 sed
896 400 927 436 si
960 399 1130 436 materia
1163 408 1200 436 et
1232 400 1362 436 forma
1400 409 1566 447 propter
1610 400 1845 447 analoycarn

531 459 781 507 prioritatem
814 459 1042 495 naturalem
1088 470 1170 494 non
1214 466 1306 494 sunt
1348 457 1443 494 satis
1488 457 1656 494 univoce
1701 466 1738 494 et
1770 458 1847 494 for-

531 516 689 553 maliter
721 516 949 553 substancie
982 528 1074 552 curn
1107 515 1346 563 composito,
1393 525 1544 564 quanto
1589 515 1715 563 magis
1747 517 1881 563 ydea5

531 584 568 611 et
602 574 771 611 existens
804 575 992 622 ydeatum
1023 573 1026 611 Ι
1056 586 1137 610 non
1169 582 1261 610 sunt
1284 573 1507 610 formaliter
1530 573 1706 610 eiusdem
1732 586 1848 621 gene-
1864 577 1902 607 F.
1927 575 2000 619 198¹

531 633 584 669 ris
616 633 678 669 vel
710 632 870 680 speciei,
905 632 1012 680 quia,
1046 631 1078 668 si
1112 631 1244 667 minus
1277 632 1492 679 analogum
1516 631 1619 668 tollit
1642 631 1847 668 racionem

531 690 699 739 generis,
734 690 878 727 merito
911 689 1038 738 magis
1070 690 1159 737 plus
1193 690 1409 738 analogum
1445 690 1519 726 hoc
1552 690 1720 726 tolleret.

589 751 645 784 Ex
677 749 752 785 hoc
785 757 976 785 secuntur
1008 747 1096 785 tria.

590 806 738 851 Primo,
773 808 882 855 quod
914 819 1033 843 omne
1067 818 1135 842 ens
1160 814 1217 842 est
1240 807 1361 842 modo
1387 818 1459 842 suo
1482 805 1522 841 in
1545 805 1849 853 predicamento
1870 818 1908 839 10

532 864 781 909 substancie;
815 873 925 912 patet
958 877 1001 901 ex
1035 865 1123 910 hoc,
1158 865 1266 912 quod
1291 866 1397 900 Deus
1431 873 1468 900 et
1491 876 1630 900 omnes
1663 863 1850 900 veritates

533 922 686 971 priores
719 922 951 959 substancia
984 931 1076 959 sunt
1110 921 1192 958 eius
1225 922 1424 970 principia
1456 923 1517 958 vel
1561 935 1657 967 esse,
1704 931 1742 958 et
1781 935 1851 970 per

533 993 783 1029 con-sequens
816 989 908 1017 sunt
940 980 980 1016 in
1012 980 1080 1017 illo
1112 993 1269 1028 genere,
1316 979 1418 1017 sicut
1462 993 1534 1028 per
1577 992 1617 1017 se
1657 992 1777 1016 causa
1810 979 1849 1016 in

534 1051 606 1075 suo
640 1048 818 1085 causato,
854 1048 890 1075 et
924 1051 1044 1075 omne
1077 1038 1263 1075 accidens
1296 1037 1496 1086 posterius
1529 1037 1760 1074 substancia
1793 1047 1852 1074 est

531 1097 572 1132 in
605 1096 909 1144 predicamento
941 1096 1171 1133 substancie
1202 1105 1396 1144 tanquam
1429 1097 1559 1133 forma
1592 1095 1851 1133 accidentalis
1872 1097 1908 1129 15

531 1155 572 1191 in
605 1167 677 1191 suo
710 1167 781 1202 per
813 1167 853 1191 se
898 1154 1091 1201 subiecto,
1138 1167 1229 1191 cum
1271 1167 1391 1191 omne
1435 1154 1620 1191 accidens
1665 1154 1714 1190 sit
1761 1155 1852 1190 sub-

532 1212 726 1249 stanciam
761 1212 1063 1249 accidentaliter
1095 1225 1135 1249 se
1168 1214 1329 1258 habere,
1376 1221 1413 1249 et
1457 1212 1587 1249 omnis
1621 1211 1852 1248 substancia

532 1271 665 1319 prima
696 1272 757 1307 vel
789 1272 963 1307 secunda
998 1280 1056 1307 est
1087 1284 1158 1318 per
1181 1283 1221 1307 se
1244 1270 1284 1306 in
1307 1283 1452 1318 genere
1475 1270 1716 1315 substancie‚
1750 1270 1851 1306 sicut

532 1342 624 1377 pars
657 1328 876 1366 subiectiva
908 1329 968 1366 vel
1001 1328 1251 1378 quiditativa,
1301 1338 1343 1365 ut
1376 1338 1485 1377 patet
1518 1332 1565 1375 40
1600 1328 1849 1365 Phisicorum

602 1438 631 1465 9.
657 1429 750 1457 Cod.:
774 1430 807 1471 1¹12
827 1430 869 1456 he.

607 1513 634 1533 1.
663 1503 717 1544 Cf.
743 1502 846 1533 Arist.
873 1501 1025 1543 Metaph.
1044 1502 1088 1533 VI
1113 1512 1162 1542 14,
1195 1512 1277 1533 1—2
1306 1502 1360 1543 (In
1389 1502 1545 1558 antiquis
1574 1502 1665 1535 Edd.
1693 1501 1776 1534 XII
1796 1504 1850 1533 16.

534 1548 599 1580 Ed.
636 1550 719 1580 Pur.
755 1548 800 1579 Il
830 1549 1001 1587 554,12
1026 1552 1101 1584 ss.):
1143 1547 1305 1590 Φανερὸν
1341 1546 1372 1578 6
1398 1544 1436 1587 ἐξ
1473 1546 1596 1580 αὐτῶν
1633 1547 1774 1580 τούτων
1810 1547 1849 1580 τὸ

533 1593 732 1650 σῖιμιβαῖνον
762 1592 822 1626 καὶ
853 1596 928 1631 τοῖς
960 1591 1025 1631 τὰς
1055 1591 1155 1632 ἰδέας
1186 1593 1350 1636 λέγουσιν
1374 1592 1502 1632 οὐσίας
1526 1605 1564 1626 τε
1589 1592 1649 1626 καὶ
1673 1592 1852 1637 χωριστὰς

533 1641 625 1673 εἰναι
650 1639 710 1696 καί
735 1639 810 1683 ἅμα
835 1638 877 1672 τὸ
904 1634 1001 1678 εἶδος
1026 1637 1064 1672 ἐκ
1089 1643 1153 1673 τοῦ
1178 1639 1282 1682 γένος
1305 1643 1453 1673 ποιοῦσι
1469 1638 1529 1672 καὶ
1547 1643 1622 1673 τῶν
1639 1639 1849 1682 διαφορων·

533 1685 579 1719 Et
603 1685 670 1729 γὰρ
696 1684 772 1719 ἔστι
797 1686 840 1719 τὰ
866 1685 944 1729 εἴδη
981 1698 1041 1719 και
1072 1683 1112 1718 τὸ
1145 1687 1239 1741 ζῷον
1270 1684 1309 1719 ἐν
1339 1689 1388 1729 τῷ
1423 1685 1611 1731 ἀνθρωπῳ
1646 1684 1706 1718 καὶ
1737 1685 1851 1730 ι’ππῳ,

533 1732 614 1775 ἤτοι
639 1730 679 1766 ἓν
702 1731 763 1765 καὶ
787 1732 922 1766 ταύτὸν
945 1736 995 1788 τῷ
1023 1721 1176 1777 ἀριθμῷ
1198 1730 1295 1765 ἐστιν
1313 1729 1334 1774 ἢ
1353 1731 1485 1776 ἕτερον.
1509 1734 1570 1777 Τῷ
1591 1744 1657 1788 μεν
1672 1731 1739 1787 γὰρ
1756 1731 1849 1776 λόγῳ

532 1779 642 1821 δῆλον
668 1775 723 1811 ὅτι
749 1777 804 1811 ἕ·ν
831 1780 894 1812 τὸν
918 1777 984 1822 γὰρ
1011 1778 1123 1812 αὐτὸν
1148 1768 1294 1819 διέξεισι
1318 1777 1424 1821 λόγον
1449 1777 1468 1811 6
1495 1778 1607 1820 λέγων
1624 1776 1663 1812 ἐν
1680 1775 1849 1823 ἑκατέρῳ.

533 1823 579 1857 Εἰ
603 1822 669 1858 οὗν
693 1822 771 1858 ἐστι’
794 1837 849 1864 τις
873 1825 1075 1882 ἄνθρωπος
1100 1824 1210 1864 αὐτὸς
1239 1825 1325 1858 καθ’
1351 1824 1464 1858 αὑτὸν
1489 1824 1572 1858 τόδε
1597 1837 1632 1857 τι
1655 1824 1716 1858 καὶ
1741 1836 1850 1869 κεχω-

534 1871 713 1915 ρισμένον,
740 1871 875 1927 ἀνάγκη
901 1870 961 1904 καὶ
986 1869 1025 1912 ἐξ
1051 1867 1114 1914 ὧν,
1146 1868 1226 1904 οἷον
1250 1872 1289 1905 τὸ“
1316 1872 1411 1916 ζῷον
1435 1883 1495 1904 και
1520 1872 1559 1905 τὸ
1592 1871 1734 1913 δίπουν,
1767 1870 1851 1904 τόδε

533 1930 567 1951 τι
593 1917 781 1961 σημαίνειν
805 1930 866 1951 και
891 1913 984 1951 εἶναι
1007 1916 1166 1962 χωριστὰ
1191 1930 1252 1951 και
1277 1917 1419 1956 οὐσίας·
1455 1917 1547 1951 ὥστε
1577 1916 1638 1950 καὶ
1669 1919 1709 1951 τὸ
1744 1919 1849 1963 ζῷον.

536 1967 589 2008 Cf.
611 1970 806 2008 praeterea
832 1967 958 2004 locum,
977 1976 1077 2008 quem
1101 1966 1251 1998 Carolus
1270 1966 1410 2005 Prantl,
1432 1966 1639 1998 Geschichte
1656 1966 1721 1998 der
1738 1967 1850 2008 Logilc

533 2013 579 2044 im
597 2012 826 2044 Abendlande
842 2012 953 2043 [1738
968 2016 1038 2045 not.
1053 2021 1101 2044 ex
1118 2011 1259 2054 Wiclifii
1277 2012 1510 2056 dialogorum
1529 2012 1628 2044 libris
1646 2012 1700 2053 (Q,
1713 2012 1849 2047 l.1525)

533 2058 582 2090 ad
608 2059 771 2091 idearum
799 2059 990 2098 rationem,
1016 2058 1192 2101 quomodo
1212 2069 1233 2091 α
1253 2058 1307 2091 W.
1327 2063 1498 2099 concepta
1524 2059 1572 2090 sit
1597 2058 1848 2100 exponendam

533 2105 640 2149 affert
672 2106 699 2146 (Ι
727 2115 755 2136 c.
782 2104 851 2147 8f.
879 2104 964 2138 XII
983 2107 1029 2146 v.)
1070 2105 1239 2142 Quamvis
1277 2114 1398 2137 omnes
1436 2104 1538 2137 ideae
1578 2105 1849 2146 distinguuntur

534 2153 627 2183 inter
660 2162 696 2184 se
713 2152 928 2194 formaliter
957 2156 990 2183 et
1021 2161 1042 2182 a
1070 2151 1162 2190 Deo,
1195 2156 1277 2183 sunt
1309 2156 1429 2183 tamen
1463 2161 1583 2184 omnes
1611 2151 1850 2184 essentialiter

532 2199 604 2240 ipse
629 2198 749 2239 Deus,·
777 2198 868 2230 unde
894 2198 1102 2230 Aristoteles
1121 2221 1128 2228 .
1149 2223 1155 2230 .
1229 2207 1386 2239 arguens
1411 2202 1535 2230 contra
1563 2197 1665 2230 ideas
1690 2198 1849 2230 Platonis

533 2245 778 2286 aequivocavit
809 2245 843 2276 in
877 2245 992 2287 logica
1025 2245 1129 2276 stulte
1155 2244 1367 2286 concipiens,
1401 2244 1494 2286 quod
1520 2243 1600 2276 idea
1625 2244 1671 2276 sit
1695 2245 1848 2276 essentia

533 2291 696 2323 absoluta
723 2291 895 2322 distincta
922 2291 965 2322 ab
992 2290 1144 2323 essentia
1171 2290 1308 2322 divina.
1464 2300 1513 2332 19.
1552 2290 1603 2330 Cf.
1637 2291 1739 2321 Arist.
1773 2291 1849 2322 Nat.

533 2338 637 2368 Ausc.
657 2337 736 2368 IV‘'
721 2352 737 2371 ,π
759 2336 808 2378 (5)
834 2348 842 2368 1
868 2337 950 2377 (Ed.
964 2337 1049 2368 Par.
1062 2335 1192 2375 11287,
1210 2338 1257 2368 33
1267 2336 1344 2373 ssa)
1372 2333 1480 2367 Μετὰ
1498 2334 1538 2367 δὲ
1555 2338 1670 2367 ταῦτα
1686 2334 1849 2377 ληπτέον,

534 2385 704 2425 ποσαχῶς
723 2382 805 2415 ἄλλο
824 2379 863 2414 ἐν
880 2381 973 2426 ἄλλῳ
991 2381 1140 2423 λέγεται.
1157 2381 1254 2413 Ένα
1270 2381 1344 2434 μὲν
1353 2379 1398 2423 δὴ
1416 2379 1553 2423 τρόπον
1571 2380 1620 2419 ὡς
1638 2379 1657 2413 6
1676 2380 1850 2419 δάκτυλος

534 2426 573 2460 ἐν
598 2431 640 2472 τῆ
665 2427 755 2472 χειρὶ
780 2440 841 2461 και
866 2416 958 2465 ὅλως
983 2428 1022 2460 τὸ
1049 2427 1157 2483 μέρος
1181 2425 1221 2460 ἐν
1245 2431 1294 2482 τῷ
1323 2424 1410 2471 ὅλῳ·
1438 2426 1544 2460 ἄλλον
1569 2425 1608 2459 δὲ
1636 2427 1685 2465 ὡς
1709 2428 1748 2461 τὸ
1768 2424 1851 2460 ὅλον

534 2473 573 2507 ὲν
597 2477 674 2513 τοῖς
698 2474 858 2517 μέρεσιν·
892 2473 935 2507 οὐ
965 2473 1032 2517 γάρ
1066 2471 1142 2506 ἐστι
1166 2472 1265 2516 παρὰ
1291 2472 1335 2506 τὰ
1360 2473 1450 2522 μέρη
1475 2473 1515 2506 τὸ
1543 2470 1636 2506 ὅλον.
1667 2473 1787 2506 ’Ἀλλον
1811 2472 1850 2506 δὲ

534 2520 670 2561 τρόπον
697 2520 746 2559 ὡς
771 2519 789 2553 6
817 2520 1018 2563 ἄνθρωπος
1042 2517 1081 2553 ἐν
1105 2521 1196 2575 ζῴῳ
1211 2532 1272 2552 και
1297 2516 1389 2558 ὅλως
1415 2515 1510 2558 εἶδος
1534 2516 1574 2552 ἐν
1597 2519 1699 2561 γένει.
1731 2520 1851 2552 ’Ἁλλον

534 2565 573 2600 δὲ
600 2566 650 2605 ὡς
674 2568 713 2600 τὸ
739 2567 842 2609 γένος
867 2564 906 2599 ἐν
937 2570 985 2610 τῷ
1021 2565 1109 2599 εἴδει
1138 2564 1199 2598 καὶ
1231 2563 1324 2604 ὅλως
1354 2567 1393 2599 τὸ
1426 2565 1535 2609 μέρος
1564 2569 1630 2598 τοῦ
1663 2565 1783 2604 εἴδους
1813 2563 1851 2598 ἐν

534 2617 583 2658 τῷ
611 2616 675 2646 τοῦ
702 2612 821 2651 εἴδους
844 2611 948 2667 λόγῳ.
973 2612 1059 2644 ”En
1084 2612 1134 2650 ὡς
1157 2611 1273 2654 ὑγίεια
1298 2609 1337 2644 ἐν
1360 2613 1514 2655 θερμοῖς
1538 2623 1599 2644 και
1621 2614 1776 2655 ψυχροῖς
1791 2624 1852 2644 και

535 2648 627 2698 ὅλως
652 2660 690 2692 τὸ
718 2654 815 2697 εἶδος
839 2656 878 2691 ἐν
903 2661 945 2702 τῇ
971 2659 1045 2703 ὕλη.
1084 2658 1168 2690 ”En
1194 2657 1243 2697 ὡς
1267 2655 1306 2691 ἐν
1312 2658 1468 2702 βασιλεῖ
1490 2656 1533 2690 τὰ
1559 2658 1850 2713 τῶνἙλλήνων,

534 2718 594 2738 και
626 2702 718 2744 ὅλως
749 2706 788 2738 τὸ
822 2702 861 2737 ἓν
891 2708 940 2748 τῷ
981 2706 1115 2748 πρώτῳ
1153 2708 1332 2761 κινητικῷ.
1370 2704 1453 2737 ”Eu
1486 2703 1536 2742 ὡς
1566 2701 1605 2736 ἐν
1635 2707 1684 2748 τῷ
1719 2703 1848 2747 ἀγαθῷ

534 2764 595 2784 και
619 2749 711 2790 ὅλως
736 2749 775 2784 ἐν
800 2755 848 2803 τῷ
877 2740 984 2784 τέλει·
1017 2754 1123 2783 τοῦτο
1156 2750 1187 2782 6’
1213 2748 1288 2784 ἐστὶ
1323 2751 1362 2784 τὸ
1395 2748 1439 2783 οὗ
1471 2749 1584 2783 ἕνεκα.
1626 2750 1786 2783 Πάντων
1811 2749 1849 2783 65

536 2798 760 2840 κυριώτατον
786 2795 825 2830 τὸ
854 2796 903 2836 ὡς
928 2795 967 2829 ἐν
991 2796 1120 2841 ἀγγείῳ
1148 2808 1208 2829 και
1233 2793 1325 2835 ὅλως
1350 2808 1388 2829 εν
1414 2795 1525 2841 τόπῳ.
