2056 3234
272 203 289 239 02

300 215 318 239 10

267 557 437 585 Difference
457 556 483 584 is
504 556 538 582 of

276 593 359 619 three
380 592 480 625 kinds,
502 599 534 618 as

269 627 432 663 Porphyry
453 634 531 661 says,

1001 212 1222 243 JOHANNIS
1248 211 1415 242 WICHF
1706 208 1794 235 CAP.
1816 208 1866 235 111.

555 321 603 354 Et
627 318 657 354 si
681 317 867 364 obicitur,
893 320 1001 367 quod
1024 321 1130 354 Deus
1155 318 1285 354 differt
1318 330 1339 354 a
1374 326 1570 363 creatura,
1605 330 1698 364 ergo
1732 317 1866 365 aliqua

556 376 788 412 differencia
811 375 943 412 differt
966 389 988 412 a
1022 385 1219 422 creatura,
1255 376 1404 412 dictum
1440 383 1509 421 est,
1544 377 1651 424 quod
1675 375 1866 423 equivoce

555 434 777 482 loquuntur
822 433 1053 482 philosophi
1093 436 1141 470 de
1181 433 1423 479 differencia,
1469 432 1621 469 scilicet
1660 445 1738 481 qua
1785 432 1867 468 effi-

556 492 718 537 cienter,
753 500 789 527 et
824 504 902 540 qua
934 491 1158 528 formaliter
1190 505 1315 527 unum
1349 490 1481 527 differt
1514 503 1536 527 a
1569 490 1737 539 reliquo.

614 549 865 595 Differencia,
906 562 977 596 per
1017 562 1137 598 quam
1176 562 1299 585 unum
1341 548 1472 585 differt
1506 561 1527 585 a
1560 548 1727 596 reliquo,
1763 547 1901 595 capit5

556 607 756 655 triplicem
781 607 1094 644 subdivisionem
1120 608 1342 643 secundum
1368 606 1643 654 Porphirium:
1677 607 1738 642 vel
1760 607 1869 654 quod

556 664 605 701 sit
638 665 918 701 substancialis
951 665 1137 714 qualitas,
1172 678 1242 713 per
1275 678 1395 713 quam
1431 664 1755 700 substancialiter
1788 676 1868 699 una

555 723 707 770 species
731 723 862 759 differt
885 736 907 759 a
930 722 1104 772 reliqua,
1129 731 1167 759 et
1189 723 1256 759 illa
1280 732 1337 759 est
1358 721 1521 770 proprie
1544 735 1669 758 unum
1693 721 1870 771 quinque

554 780 854 817 universalium.
887 782 959 817 Vel
981 782 1090 829 quod
1123 781 1172 817 sit
1204 780 1337 829 passio
1360 781 1420 817 vel
1451 779 1691 830 proprietas,
1723 779 1764 815 in
1787 791 1866 827 qua

556 851 616 874 res
649 838 767 874 unius
800 838 947 887 speciei
981 838 1113 875 differt
1147 841 1194 875 de
1227 847 1339 875 tanto
1374 851 1396 874 a
1428 837 1595 886 reliqua.
1627 838 1697 874 Vel
1729 837 1867 883 tercio,
1890 849 1928 870 10

554 898 663 944 quod
707 896 757 932 sit
805 896 992 933 accidens
1032 896 1268 944 separabile,
1310 909 1379 944 per
1418 897 1526 944 quod
1572 895 1743 932 efficitur
1788 908 1869 932 non

555 955 684 990 solum
709 967 770 990 res
795 954 1042 991 diversarum
1067 955 1305 1002 specierum,
1340 955 1407 991 sed
1432 966 1494 990 res
1523 954 1699 990 eiusdem
1724 952 1869 1001 speciei

555 1012 858 1048 accidentaliter
881 1012 1180 1060 distinguuntur
1203 1014 1252 1048 ab
1277 1012 1467 1057 invicem3
1491 1011 1642 1048 scilicet
1665 1024 1746 1047 uno
1771 1007 1775 1064 Ι
1800 1010 1870 1047 tali
1887 1014 1925 1045 F.
1947 1012 2020 1056 196¹

556 1070 688 1105 differt
712 1069 865 1118 aliquid
887 1070 1112 1107 formaliter
1135 1083 1157 1106 a
1180 1070 1349 1118 reliquo.
1375 1072 1466 1106 Ideo
1490 1069 1621 1105 omnis
1640 1068 1871 1105 differencia

555 1127 734 1164 formalis
769 1136 826 1164 est
859 1128 1008 1164 relacio
1042 1127 1327 1176 equiparancie
1372 1127 1412 1163 in
1451 1139 1505 1171 re,
1545 1128 1710 1163 fundata
1748 1126 1788 1163 in
1828 1129 1926 1163 re15

556 1185 778 1232 differente,
819 1198 910 1222 cum
944 1186 993 1222 sit
1026 1186 1251 1222 formaliter
1283 1199 1408 1222 unum
1443 1185 1602 1221 differre
1643 1198 1665 1221 a
1698 1184 1867 1233 reliqu0.

556 1245 604 1279 Et
636 1243 777 1280 talium
819 1244 1068 1280 relacionum
1108 1243 1185 1280 alia
1225 1252 1283 1280 est
1316 1243 1446 1290 realis,
1481 1245 1643 1292 quando
1677 1244 1797 1279 habet
1830 1242 1871 1278 in

555 1301 734 1338 subiecto
774 1302 985 1338 fundatum
1019 1301 1272 1347 distinctum3
1312 1301 1448 1349 aliqua
1480 1310 1614 1337 autem
1650 1309 1706 1337 est
1738 1301 1867 1338 solum

555 1359 703 1395 relacio
743 1359 930 1405 racionis,
971 1361 1133 1408 quando
1173 1368 1281 1396 caret
1314 1360 1578 1396 fundamento
1618 1358 1808 1396 distincto
1848 1371 1870 1395 a

554 1417 749 1464 subiecto,
784 1426 821 1453 et
844 1418 942 1454 tales
975 1426 1069 1454 sunt
1092 1417 1291 1466 quotlibet
1315 1416 1544 1454 differencie
1577 1417 1617 1452 in
1640 1419 1737 1464 Deo,
1771 1429 1870 1465 quas
1887 1429 1929 1450 20

553 1483 662 1523 patet
677 1488 758 1511 non
776 1482 927 1523 ponere
946 1475 986 1512 in
1004 1488 1050 1512 eo
1067 1475 1404 1524 multiplicitatem
1423 1484 1491 1511 aut
1510 1475 1868 1522 composicionem.

554 1532 794 1570 Differencia
827 1542 962 1570 autem
995 1533 1127 1581 primo
1162 1535 1283 1570 modo
1316 1533 1423 1569 dicta
1456 1532 1662 1569 reducitur
1694 1534 1744 1569 ad
1768 1532 1870 1569 diffi-

552 1590 766 1637 nicionem,
807 1604 929 1639 quam
978 1604 1068 1627 cum
1104 1594 1208 1628 Deus
1248 1604 1329 1628 non
1366 1599 1499 1639 potest
1537 1591 1697 1638 habere,
1743 1599 1866 1639 patet,

552 1650 659 1696 quod
675 1662 756 1685 non
779 1658 909 1697 potest
925 1648 1102 1685 diffiniri.
1127 1652 1208 1685 Nec
1230 1662 1300 1697 per
1319 1648 1423 1685 idem
1449 1661 1572 1696 genus
1593 1648 1866 1696 generativum

552 1706 804 1753 describitur,
835 1720 926 1743 cum
957 1719 1028 1755 per
1058 1707 1296 1755 posteriora,
1330 1719 1406 1755 que
1429 1714 1521 1743 sunt
1542 1706 1658 1743 nobis
1680 1706 1923 1752 nociora;25

553 1773 589 1800 et
614 1777 684 1812 per
707 1764 811 1801 idem
846 1764 1039 1813 sequitur,
1074 1766 1182 1813 quod
1205 1777 1278 1801 nec
1302 1767 1420 1810 Deus,
1453 1777 1527 1801 nec
1557 1777 1624 1801 ens
1648 1766 1864 1813 analogum

553 1823 671 1858 habet
718 1822 960 1870 passionem,
1006 1831 1048 1858 ut
1086 1824 1250 1859 verbum
1298 1831 1334 1859 et
1382 1822 1601 1859 creativum
1649 1836 1729 1859 non
1774 1830 1866 1858 sunt

552 1880 757 1928 passiones
782 1880 883 1917 entis
909 1889 945 1917 et
969 1880 1055 1927 Dei,
1090 1880 1240 1917 scilicet
1273 1890 1315 1916 ut
1348 1880 1572 1928 passiones;
1608 1889 1644 1917 et
1667 1893 1737 1929 per
1760 1880 1864 1916 idem

552 1937 675 1974 nichil
713 1938 948 1986 predicatur
987 1938 1257 1975 essencialiter
1294 1939 1355 1975 vel
1394 1950 1464 1986 per
1504 1950 1544 1974 se
1584 1940 1631 1975 de
1664 1941 1761 1985 Deo,
1795 1939 1865 1974 sed

551 1996 879 2044 proporcionalia
918 1997 1050 2032 habet.
1090 1996 1233 2033 Tereia
1272 1996 1395 2042 racio,
1429 2008 1553 2044 quare
1593 2009 1660 2033 ens
1692 2009 1773 2033 non
1807 2004 1864 2032 est
1881 1999 1923 2031 30

552 2066 686 2101 genus,
734 2063 841 2090 tacta
874 2063 931 2090 est
972 2054 1167 2102 superius,
1214 2054 1380 2100 scilicet,
1420 2055 1527 2102 quod
1567 2067 1634 2090 cns
1674 2054 1864 2102 equivoce

552 2111 876 2148 communicatur
894 2111 973 2148 suis
990 2111 1244 2148 inferioribus
1260 2113 1478 2148 secundum
1507 2112 1632 2160 magis
1657 2121 1694 2149 et
1718 2112 1862 2159 minus,

551 2171 659 2217 quod
692 2170 866 2206 alienum
901 2178 958 2206 est
991 2183 1013 2206 a
1046 2182 1190 2217 genere
1223 2171 1353 2217 loyco.

1196 2329 1216 2347 »Χ-

620 2428 660 2447 10.
685 2419 779 2447 Cod..·
800 2428 816 2446 a
837 2419 963 2454 reliqua.

619 2502 649 2535 6.
668 2504 721 2545 Cf.
741 2502 919 2546 Porphyrii
939 2503 1120 2535 introduct.
1143 2503 1226 2545 Cap.
1245 2504 1290 2536 IV
1306 2503 1388 2545 (Ed.
1407 2505 1607 2537 Aristotelis
1620 2505 1749 2537 Veneta
1772 2505 1790 2537 Ῑ
1805 2505 1859 2546 5);

550 2548 761 2592 Βζῇεφέιπτῐα
777 2559 859 2582 vero
875 2554 908 2581 et
926 2550 1164 2582 communiter
1181 2554 1214 2582 et
1227 2551 1375 2592 proprie
1394 2555 1426 2582 et
1439 2552 1685 2594 propriissime
1703 2551 1859 2583 dicatur.

549 2595 643 2626 Nam
683 2596 919 2628 communiter
951 2597 1091 2638 quidem
1126 2596 1271 2639 differre
1303 2597 1454 2629 alterum
1489 2597 1533 2628 ab
1565 2599 1681 2629 altero
1713 2597 1858 2635 dicitur,

550 2641 642 2683 quod
667 2642 850 2674 alteritate
875 2642 995 2686 dzffert
1027 2652 1243 2684 quocumque
1276 2643 1392 2684 modo,
1425 2643 1477 2675 vel
1507 2653 1529 2674 α
1561 2653 1597 2676 se
1628 2645 1702 2687 ipso
1734 2644 1786 2675 vel
1815 2643 1859 2674 ab

549 2688 618 2719 alio
639 2713 645 2721 .
664 2713 672 2722 .
692 2714 698 2720 .
725 2688 875 2731 Proprie
892 2693 1011 2720 autem
1031 2687 1177 2730 differre
1195 2690 1348 2721 alterum
1368 2689 1413 2721 ab
1431 2690 1544 2722 altero
1561 2690 1700 2729 dicitur,
1718 2690 1858 2731 quando

550 2734 779 2776 inseparabili
803 2734 982 2767 accidente
1009 2734 1169 2777 (Wiclif.·
1193 2735 1309 2776 passio
1334 2735 1389 2766 vel
1415 2736 1621 2777 proprietas)
1640 2736 1793 2768 alterum
1813 2736 1856 2767 ab

548 2781 665 2812 altero
691 2780 822 2824 differt.
844 2805 851 2812 .
871 2805 877 2813 .
896 2804 903 2812 .
923 2780 1178 2823 Propi-[issime
1203 2786 1321 2813 autem
1348 2782 1494 2825 differre
1512 2783 1661 2815 alterum
1681 2782 1724 2814 ab
1742 2783 1856 2815 altero

548 2826 692 2865 dicitur,
720 2827 859 2869 quando
886 2827 1050 2869 specifica
1077 2825 1283 2869 differenda
1311 2828 1441 2871 differt.
