2056 3234
183 194 405 229 Quaest.VIII.
467 198 697 236 Quaestiones
723 198 854 239 logicae
881 205 913 229 et
939 197 1209 239 philosophicae.
1693 192 1770 238 275

183 302 222 338 in
267 312 396 339 mente
441 302 572 339 divina
615 303 831 339 famosiora
875 312 911 339 et
949 304 1037 350 plus
1076 303 1314 350 relucencia‚
1362 317 1482 351 quam
1527 311 1748 349 Probablythe

184 360 408 408 corporalia
437 373 519 397 esse
549 360 712 408 possint.
747 362 860 397 Unde
882 360 1095 397 verisimile
1125 370 1194 408 est,
1229 362 1336 409 quod
1359 361 1485 397 sancti
1517 346 1763 407 {{}3¹¹{1⁵]ed‘2vff1¹2)¹l¹es

182 417 363 454 ultimate
413 418 637 455 consumati
686 418 727 454 in
779 418 1023 454 beatitudine
1068 419 1258 455 videbunt
1301 419 1486 455 distincte
1583 415 1692 442 world.

182 484 309 511 totum
344 477 538 512 mundum
578 476 818 524 architipum
858 484 894 512 et
927 489 1008 512 non
1040 477 1168 512 solum
1202 485 1355 524 partem
1390 477 1485 523 eius,

150 536 272 569 §cum
317 533 399 581 ipse
443 546 523 570 non
567 534 616 570 sit
660 533 821 570 maioris
865 533 1122 570 beatitudinis
1161 543 1343 582 respectu
1382 534 1486 571 visus

183 589 473 639 intellectualis,
518 604 638 640 quam
680 591 819 638 deitas,
865 604 941 640 que
979 600 1064 628 tota
1100 592 1219 636 videt,
1259 591 1376 628 sicuti
1415 601 1483 628 est.

182 649 294 684 Patet
317 648 457 696 eciam,
490 650 610 697 quod,
644 649 744 685 sicut
767 650 888 685 homo
912 649 1054 697 aliquis
1077 649 1247 686 exterior
1268 649 1487 698 plurimum

180 714 346 754 vagatur
385 706 490 743 circa
523 707 717 743 mundum
750 706 977 743 sensibilem
1010 707 1257 753 exteriorem,
1292 708 1400 755 quod
1433 707 1488 743 sic

183 763 303 801 homo
346 763 564 812 spiritualis
607 764 775 801 interior
818 773 855 801 et
898 765 1120 802 abstractus
1165 765 1336 801 maxime
1373 766 1489 801 debet

129 837 167 857 10
181 820 330 858 versari
362 831 451 870 post
483 824 611 859 Deum
644 822 750 859 circa
783 824 977 858 mundum
1011 823 1262 872 archetipum
1296 832 1332 859 et
1355 831 1487 870 partes

183 878 279 926 eius,
318 879 508 928 precipue
553 893 643 917 cum
683 881 902 917 secundum
940 882 1102 917 beatum
1140 880 1407 929 Augustinum
1448 880 1488 916 in

181 937 270 973 loco
307 938 552 986 preallegato
590 950 708 974 nemo
745 938 830 975 sine
869 938 1104 986 cognicione
1134 940 1325 987 ydearum
1364 938 1488 987 possit

184 1006 266 1031 esse
298 995 456 1044 sapiens
487 996 548 1033 vel
578 995 790 1033 virtuosus.

241 1054 342 1089 Cum
387 1053 492 1090 enim
531 1053 733 1102 sapiencia
770 1055 989 1091 secundum
1030 1054 1318 1103 Philosophum
1356 1053 1488 1101 primo
1520 1060 1707 1100 Knowledge
1725 1060 1757 1099 qs

129 1111 471 1159 15Methaphisice
508 1112 558 1148 sit
596 1112 776 1160 cognicio
815 1125 961 1159 rerum,
1000 1114 1219 1149 secundum
1259 1113 1366 1160 quod
1398 1119 1489 1147 sunt
1519 1096 1764 1158 ’ῃοᾷῗξέὲξῇῗῗιὲ

182 1169 231 1204 ab
270 1168 464 1206 altissima
503 1182 621 1206 causa
660 1170 942 1218 producibiles,
988 1170 1168 1218 cognicio
1202 1183 1295 1217 ergo
1329 1182 1487 1206 morum

182 1225 261 1262 sive
284 1226 491 1263 racionum
514 1227 730 1275 ydealium,
764 1229 871 1276 quod
894 1228 1000 1264 idem
1032 1237 1102 1275 est,
1136 1229 1356 1264 secundum
1381 1228 1488 1275 quod

182 1296 243 1320 res
287 1293 378 1321 sunt
422 1298 443 1322 a
482 1288 565 1322 Deo
609 1285 889 1333 producibileS,
944 1294 1000 1322 est
1047 1285 1269 1334 sapiencia;
1319 1294 1355 1321 et
1394 1284 1489 1332 quia

182 1354 301 1379 nemo
332 1342 490 1391 sapiens
522 1343 607 1380 sine
639 1343 853 1391 sapiencia,
898 1343 1019 1391 igitur
1050 1356 1169 1380 nemo
1208 1343 1364 1391 sapiens
1404 1342 1488 1378 sine

125 1400 415 1448 2ocognicione
467 1401 606 1437 talium
654 1402 861 1448 ydearum,
913 1414 1043 1450 neque
1093 1401 1237 1450 aliquis
1289 1401 1487 1437 virtuosus

181 1457 265 1494 sine
304 1458 536 1506 cognicione
576 1458 938 1496 racionabilitatum
978 1459 1253 1496 faciendarum
1291 1458 1486 1505 virtuose3

181 1517 385 1564 quomodo
415 1516 521 1553 enim
552 1517 640 1565 quis
670 1526 770 1553 esset
797 1530 895 1566 pure
918 1520 1037 1563 Deus,
1071 1517 1102 1553 si
1134 1517 1318 1563 nesciret,
1352 1516 1383 1552 si
1413 1517 1487 1552 hoc

180 1574 240 1610 vel
273 1574 347 1610 hoc
379 1583 479 1611 esset
502 1575 800 1611 racionabiliter
821 1575 1049 1612 faciendum
1072 1575 1259 1612 virtuose.
1294 1573 1487 1623 Cognicio

181 1643 274 1679 ergo
306 1632 674 1670 racionabilitatum
707 1632 847 1669 talium
881 1642 918 1670 et
950 1633 1131 1682 cognicio
1163 1634 1356 1680 ydearum
1382 1662 1388 1669 .
1414 1662 1421 1671 .

123 1694 163 1726 25
181 1688 302 1737 Igitur
325 1718 332 1725 .
361 1719 368 1726 .

239 1749 365 1795 Unde,
410 1748 504 1797 quia
552 1749 733 1786 raciones
773 1750 932 1797 ydeales
982 1757 1073 1785 sunt
1120 1747 1310 1785 altissime
1355 1760 1486 1794 cause,

180 1804 330 1842 scilicet
375 1808 632 1854 exemplares,
687 1806 783 1855 quia
826 1807 1068 1856 exemplaria
1115 1807 1334 1843 secundum
1379 1807 1487 1854 quod

179 1875 359 1900 summus
406 1864 543 1901 artifex
592 1877 662 1913 per
705 1865 890 1913 illapsum
942 1866 982 1901 in
1026 1864 1168 1901 intima
1212 1872 1487 1901 creaturarum

177 1920 285 1958 varie
337 1931 394 1958 est
444 1922 677 1959 formativus
729 1923 938 1959 hominum
993 1932 1030 1960 et
1081 1935 1290 1971 equorum,
1344 1930 1381 1958 et
1432 1921 1488 1958 sic

122 1984 164 2016 30
179 1979 568 2017 suntsimilitudine
607 1981 778 2029 analoga
811 1981 921 2017 varia
960 1981 1103 2029 sigilla,
1143 1993 1213 2029 per
1246 1980 1486 2028 impressum

179 2037 444 2074 diversimode
484 2050 607 2084 ceraS,
648 2039 743 2075 fiant
779 2039 982 2075 verissime
1014 2040 1119 2087 leges
1153 2037 1416 2075 racionalium
1450 2045 1488 2073 et

179 2094 477 2132 irracionalium
514 2104 801 2141 creaturarum,
837 2098 887 2132 ad
920 2098 1149 2133 habendum
1184 2109 1275 2143 erga
1308 2108 1347 2131 se
1370 2108 1486 2131 suum

180 2152 438 2200 principium,
472 2153 574 2189 sicut
607 2154 770 2199 debent3
805 2153 860 2189 sic
894 2153 1064 2201 denique
1096 2156 1269 2190 mundus
1302 2153 1486 2200 intelligi-

180 2209 282 2257 bilis,
327 2210 394 2259 qui
438 2210 478 2247 in
522 2210 792 2258 multitudine,
842 2211 1080 2247 certitudine
1131 2221 1166 2247 et
1217 2211 1486 2259 pulcritudine

124 2271 162 2304 35
180 2267 378 2304 scibilium
412 2268 783 2317 incomparabiliter
817 2270 1009 2305 mundum
1043 2277 1225 2305 nostrum
1259 2268 1485 2305 sensibilem

182 2326 344 2362 excedit.
379 2328 533 2363 Debent
557 2339 651 2374 ergo
683 2327 880 2374 sapientes
913 2328 1132 2363 secundum
1166 2325 1350 2375 spiritum
1383 2326 1487 2361 ultra

32 2387 339 2430 F.194¹omnem
385 2384 600 2421 scienciam
645 2384 892 2421 materialem
932 2384 1166 2421 diviciarum
1207 2383 1444 2420 exteriorum
1481 2379 1484 2436 Ι

181 2442 318 2477 mundi
363 2443 413 2478 ad
458 2442 671 2479 scienciam
717 2443 834 2490 longe
879 2442 1131 2490 ampliorem⁷
1178 2441 1395 2478 cerciorem
1449 2450 1487 2477 et

179 2498 432 2547 nobiliorem,
472 2500 587 2536 nobis
626 2499 666 2536 in
700 2501 772 2537 hac
805 2500 884 2538 vita
917 2513 988 2536 suo
1022 2502 1142 2537 modo
1175 2499 1405 2548 possibilem
1439 2500 1487 2534 de

253 2634 302 2655 11.
356 2625 408 2667 Cf.
452 2625 634 2666 Augustini
684 2626 900 2657 sentenciam
950 2634 1059 2666 supra
1101 2624 1250 2656 allatam
1293 2625 1342 2665 (p.
1387 2624 1486 2664 272).

185 2670 234 2702 15.
275 2671 327 2712 Cf.
368 2671 507 2702 Aristot.
545 2670 721 2712 Methaph.
759 2672 770 2702 I
802 2682 829 2711 1,
860 2681 897 2702 12
937 2671 1020 2711 (Ed.
1050 2672 1130 2703 Par.
1158 2671 1199 2702 II
1220 2671 1301 2709 469,
1328 2673 1378 2702 45
1403 2671 1485 2710 ss).-

207 2740 214 2746 .
234 2741 240 2747 .
261 2713 304 2747 οὗ
330 2715 361 2747 δ’
379 2713 483 2748 ἕνεκα
508 2719 573 2748 νῦν
603 2716 810 2758 ποιούμεθα
842 2713 905 2749 τὸν
929 2715 1046 2758 λόγον,
1078 2716 1175 2749 τοῦτ’
1201 2713 1308 2757 ἐστίν,
1341 2711 1396 2747 ὅτι
1421 2713 1486 2757 τὴν

180 2760 449 2805 ὀνομαζομένην
474 2762 609 2804 σοφίαν
633 2761 714 2806 περὶ
740 2761 783 2794 τὰ
809 2766 937 2804 πρῶτα
963 2761 1062 2794 αἴτιοι
1086 2761 1147 2794 καὶ
1171 2760 1236 2800 τὰς
1261 2759 1372 2805 ἀρχὰς
1395 2759 1484 2793 ὑπο-

170 2807 399 2851 ’λαμβάνουσι
423 2808 565 2847 πάντες.

1289 2866 1354 2898 18*
