2056 3234
233 868 303 895 Past
323 867 382 895 and
404 867 504 895 future

257 911 292 930 as
310 901 476 930 accident&

291 2369 391 2397 Three
397 2368 459 2396 sold

244 2402 507 2466 aessssssiss‘gkcffiell‘t‘s‘

966 232 1188 264 ,IOHANNIS
1216 233 1382 263 WICLIF
1692 229 1782 257 CAP.
1804 230 1825 256 Ι.

519 338 729 387 superfluit
773 351 922 387 ponere
975 351 1019 374 10
1064 337 1271 388 terminos,
1327 351 1415 374 cum
1463 338 1541 374 sint
1593 351 1636 374 10
1682 351 1828 386 genera

520 396 722 445 capitalia,
739 410 819 433 non
842 395 1105 432 subordinata
1130 395 1365 441 formaliter,
1390 395 1572 444 quamvis
1597 395 1828 443 cathegoria

520 454 746 491 substancie
779 454 828 490 sit
862 454 1005 501 prima,
1043 462 1079 489 et
1112 454 1160 489 ab
1186 466 1230 489 ea
1254 454 1431 501 qualibet
1464 453 1543 490 alia
1576 453 1744 501 signata,
1778 455 1828 490 ad

520 526 641 561 quam
677 512 752 549 alie
776 513 1033 557 reducantur,
1067 519 1109 546 ut
1133 520 1242 559 patet
1265 520 1368 559 post.
1404 514 1484 548 Nec
1508 520 1565 548 est
1588 511 1829 548 intencionis

520 570 747 607 Aristotelis
783 569 1028 617 distinguere
1061 569 1256 605 terminos
1290 570 1511 605 secundum
1557 582 1648 606 suas
1680 569 1863 617 signifi-f>

520 627 717 674 caciones,
748 629 816 664 sed
851 628 1122 664 manuducere
1155 626 1195 663 in
1227 626 1419 663 noticiam
1456 640 1501 663 10
1535 640 1726 675 generum
1761 640 1831 675 per

520 687 609 731 hoc,
656 687 763 734 quod
796 698 915 722 omne
955 685 1110 733 signum
1145 684 1346 733 significat
1385 685 1551 733 aliquod
1584 686 1727 722 horum
1771 698 1829 731 10,

520 756 595 793 que
628 743 788 780 realiter
822 743 1134 792 distinguuntur,
1169 751 1211 778 ut
1244 743 1329 791 ipse
1353 744 1534 780 declarat
1566 744 1828 791 postmodum

518 802 559 838 in
591 814 794 850 processU.

576 861 637 896 Ad
689 861 909 896 secundum
965 858 1210 908 conceditur,
1263 860 1370 906 quod
1421 858 1553 894 omnis
1604 858 1832 906 pretericio,
1852 874 1891 895 10

519 917 707 954 futuricio
752 926 789 954 et
834 916 1079 965 possibilitas
1125 917 1187 953 vel
1230 916 1383 965 aliquid
1430 916 1623 965 signabile
1669 917 1716 952 de
1763 929 1834 964 po-

519 974 636 1012 sitivo
701 984 758 1012 est
814 974 1000 1011 accidens
1060 974 1287 1011 substancie
1346 976 1565 1011 secundum
1627 974 1831 1011 racionem

521 1033 604 1070 eius
643 1032 953 1081 intelligibilem,
999 1032 1092 1069 licet
1135 1045 1217 1068 non
1264 1034 1484 1069 secundum
1530 1044 1614 1069 esse
1654 1032 1832 1078 existere,

520 1093 589 1128 sed
628 1100 670 1127 ut
709 1091 765 1128 sic
799 1099 856 1127 est
890 1090 1098 1139 quodlibet
1136 1091 1214 1127 tale
1252 1090 1453 1139 posterius
1491 1092 1608 1139 ydea,
1648 1099 1685 1126 et
1723 1090 1833 1138 prius

521 1148 670 1187 actuali
703 1148 918 1185 existencia
951 1147 1162 1196 suppositi,
1204 1157 1241 1184 et
1273 1161 1343 1196 per
1378 1161 1627 1197 consequens
1659 1161 1742 1184 non
1775 1157 1833 1184 est
1855 1154 1890 1186 15

520 1207 595 1244 sibi
629 1206 828 1253 accidens,
876 1219 966 1243 cum
1001 1218 1121 1242 omne
1154 1206 1340 1242 accidens
1374 1206 1423 1242 sit
1456 1215 1601 1243 natura
1634 1205 1834 1254 posterius

520 1278 593 1302 suo
626 1265 819 1303 subiecto.
850 1267 933 1301 Nec
957 1272 1014 1300 est
1037 1263 1323 1301 inconveniens
1348 1266 1568 1301 concedere
1602 1263 1834 1301 accidencia

520 1323 616 1360 talia
641 1335 724 1359 esse
750 1331 898 1369 eterna,
934 1321 1037 1359 sicut
1060 1331 1097 1358 et
1120 1322 1305 1370 proprias
1329 1322 1536 1370 passiones
1560 1321 1833 1358 subiectorum

522 1390 766 1417 eternorum.
802 1380 914 1418 Sicut
947 1380 1053 1416 enim
1087 1379 1267 1417 subiecta
1291 1381 1439 1416 habent
1473 1392 1556 1417 esse
1585 1379 1836 1428 intelligibile

523 1447 719 1485 eternum,
754 1438 810 1475 sic
846 1447 882 1475 et
916 1450 1055 1474 eorum
1094 1437 1338 1475 accidencia.
1403 1438 1592 1487 Sequitur
1620 1437 1750 1483 „eciam
1786 1439 1834 1474 ab
1851 1454 1893 1475 20

521 1496 701 1533 inferiori
753 1487 814 1533 ad³
856 1509 971 1533 suum
1017 1495 1199 1543 superius
1253 1495 1336 1532 sine
1389 1496 1699 1545 impedimento:
1763 1496 1835 1532 hec

522 1554 738 1603 pretericio
777 1563 846 1591 aut
897 1553 1088 1590 futuricio
1135 1563 1192 1590 est
1238 1554 1424 1591 accidens
1469 1553 1535 1590 isti
1580 1553 1834 1602 intelligibili,

523 1625 617 1661 ergo
665 1622 723 1649 est
767 1612 969 1649 accidens.
1031 1613 1283 1648 Antecedens
1336 1621 1445 1660 patet
1499 1625 1542 1649 ex
1586 1613 1674 1658 hoc,
1728 1613 1836 1660 quod

522 1671 713 1707 fundatur
744 1669 785 1707 in
817 1670 899 1716 illo,
955 1679 992 1706 et
1030 1678 1162 1717 potest
1201 1671 1338 1706 adesse
1372 1679 1409 1706 et
1448 1671 1585 1707 abesse
1619 1678 1834 1718 postquam

522 1728 639 1765 infuit
672 1737 806 1777 preter
828 1728 996 1765 subiecti
1021 1728 1345 1776 corrupcionem.
1380 1731 1461 1765 Nec
1485 1737 1542 1764 est
1565 1727 1837 1776 repugnancia
1853 1732 1892 1765 25

524 1788 574 1823 ad
613 1798 750 1823 sensus
794 1786 1010 1835 equivocos
1056 1787 1276 1822 concedere
1320 1786 1413 1822 talia
1461 1799 1546 1822 esse
1592 1785 1836 1831 accidencia,

524 1853 561 1881 et
595 1844 692 1881 alias
715 1857 862 1892 negare
885 1844 972 1892 ipsa
997 1856 1081 1880 esse
1105 1843 1347 1880 accidencia.
1381 1846 1471 1880 Non
1507 1844 1611 1880 enim
1649 1843 1838 1880 accidunt

523 1902 751 1939 substancie
774 1904 994 1939 secundum
1029 1901 1112 1938 eius
1136 1914 1220 1938 esse
1245 1901 1424 1948 existere,
1460 1914 1548 1939 cum
1584 1902 1663 1938 sint
1685 1901 1836 1950 priora,

523 1973 597 1997 nec
630 1959 844 2008 pretericio
878 1959 1010 2008 primo
1044 1961 1182 1996 adesse
1216 1968 1252 1996 et
1285 1969 1375 2008 post
1408 1961 1545 1996 abesse
1579 1972 1638 2006 eo,
1673 1961 1782 2008 quod
1806 1959 1837 1996 si

524 2019 649 2063 adest,
689 2018 915 2054 necessario
954 2029 1112 2065 semper
1149 2017 1289 2063 aderit,
1336 2026 1373 2054 et
1412 2017 1443 2054 si
1482 2017 1672 2054 futuricio
1711 2019 1835 2063 adest,
1854 2024 1895 2056 30

524 2089 605 2112 non
629 2084 686 2112 est
709 2075 994 2124 compossibile
1019 2076 1127 2123 quod
1150 2075 1367 2124 aliquando
1391 2075 1535 2121 abfuit3
1569 2075 1660 2112 ideo
1688 2074 1837 2112 diceret

526 2133 783 2182 equivocans,
817 2135 925 2182 quod
958 2133 1055 2170 talia
1086 2145 1169 2169 non
1192 2142 1282 2169 sunt
1315 2133 1559 2179 accidencia,
1595 2146 1683 2170 cum
1715 2146 1838 2181 genus

527 2204 666 2228 eorum
700 2204 780 2228 non
832 2200 965 2240 potest
998 2190 1238 2227 multociens
1276 2192 1414 2228 adesse
1454 2200 1491 2228 et
1529 2192 1666 2228 abesse
1703 2200 1838 2239 preter

526 2249 695 2286 subiecti
719 2249 1043 2298 corrupcionem,
1077 2249 1178 2285 sicut
1203 2248 1376 2285 sciencia
1398 2249 1438 2285 in
1462 2251 1545 2286 Deo
1571 2258 1628 2286 est
1651 2248 1838 2286 accidens

527 2306 615 2353 sibi,
649 2307 832 2356 quamvis
866 2307 992 2356 possit
1024 2307 1152 2343 inesse
1186 2315 1223 2343 et
1256 2307 1382 2354 possit
1413 2319 1495 2343 non
1527 2307 1668 2344 inesse.
1855 2311 1893 2345 35

588 2366 702 2401 Unde
746 2378 819 2413 pro
864 2364 1013 2401 noticia
1065 2364 1313 2412 intelligendi
1366 2373 1526 2401 autores
1579 2374 1616 2401 et
1669 2364 1838 2401 dicenda

527 2422 726 2470 posterius
788 2424 1010 2459 notandum
1076 2431 1147 2468 est,
1210 2423 1317 2471 quod
1380 2422 1564 2459 accidens
1626 2422 1839 2470 tripliciter

527 2479 736 2529 accipitur.

595 2624 634 2653 31.
655 2625 885 2661 compossibile]
907 2624 974 2653 cod.
985 2634 995 2651 .·
1017 2625 1111 2660 opole.

599 2708 628 2741 5.
654 2709 856 2741 Meminisse
881 2709 1022 2741 videtur
1043 2709 1170 2751 W'z'clzf
1189 2709 1336 2742 ultimae
1363 2710 1612 2751 categoriarum
1631 2710 1838 2747 sententiae,

528 2766 601 2797 cap.
627 2756 685 2786 XII
704 2755 789 2796 [XV]
816 2766 853 2786 10
880 2755 963 2796 (Ed.
988 2756 1073 2787 Par.
1104 2756 1121 2787 I
1146 2757 1203 2793 24,
1231 2759 1274 2787 16
1299 2755 1359 2797 ss.)
1385 2754 1495 2793 Ἴσως
1519 2753 1559 2787 δὲ
1585 2752 1631 2786 ἂν
1655 2753 1715 2786 καὶ
1741 2753 1839 2787 ἄλλοι,

527 2800 620 2838 τινὲς
656 2799 858 2843 φανείησαν
894 2802 957 2832 τοῦ
995 2798 1087 2843 ἔχειν
1123 2799 1266 2843 τρόποι·
1304 2799 1339 2833 οἱ
1372 2799 1411 2833 δὲ
1449 2798 1623 2839 εἰωθότες
1658 2799 1836 2843 λέγεσθαι,

527 2844 653 2891 σχεδὸν
677 2845 833 2886 ἅπαντες
857 2845 1157 2891 κατηρίθμηνται».
