2056 3234
184 178 309 214 Quaest.
330 179 365 205 lI-
469 180 697 219 Quaestiones
722 179 854 220 logicae
880 184 912 209 et
937 177 1207 219 philosophicae.
1689 168 1768 214 239

181 286 407 334 ypothetica
431 284 713 321 denominatur
734 283 899 320 formari
921 284 981 319 vel
1003 281 1105 318 uniri
1133 283 1179 318 de
1203 294 1242 318 se
1275 282 1343 327 illi,
1378 284 1483 330 quod

181 356 220 379 se
254 352 295 378 ut
328 356 397 391 per
430 355 469 378 se
501 342 663 390 propria
698 341 877 386 materia,
912 342 980 376 sed
1004 340 1131 375 solum
1158 341 1254 375 bene
1278 339 1363 375 unit
1387 341 1484 375 duas

180 401 365 437 veritates
398 400 572 447 signatas
606 412 674 447 per
707 398 954 446 kategoricas
978 399 1075 433 duas
1109 397 1340 433 coniunctas
1373 397 1484 444 signo

180 460 239 495 vel
264 459 384 494 modo
408 456 690 505 coniungendi,
710 466 752 492 ut
774 465 913 492 notum
939 464 1013 500 est;
1039 467 1131 502 ergo
1155 454 1357 490 conclusio
1379 467 1483 491 vera.

149 522 163 553 5
238 517 558 552 CORROLARIUM:
596 515 734 551 Solum
768 513 993 560 kategorice
1025 522 1115 548 sunt
1142 512 1302 560 proprie
1336 512 1484 560 quales,
1565 519 1710 554 Properly

181 573 308 610 affirm
316 572 417 609 ative
452 581 487 608 et
521 571 712 619 negative.
1513 552 1763 622 spegiiilengffi'rssnly

239 634 295 666 De
344 629 568 679 quantitate
619 638 728 674 noto,
781 629 887 676 quod
938 627 1140 675 quantitas
1194 626 1486 674 proposicionis
1510 622 1755 683 aijesmiioabliiissivse

181 688 455 736 principaliter
493 687 663 723 sumitur
700 688 748 722 ab
792 685 927 733 aliquo
972 687 1091 721 modo
1130 684 1388 731 intelligendi,
1428 665 1688 729 re-afiimiiiatiyss
1708 677 1767 716 ancl

181 745 372 794 spiciente
394 745 505 790 illud,
530 746 637 793 quod
660 744 699 780 in
721 742 1002 791 proposicione
1026 744 1144 779 habet
1166 754 1206 777 se
1228 754 1298 790 per
1323 742 1485 777 modum
1566 730 1712 760 neganve.

127 820 165 840 10
182 803 346 840 materie
379 802 682 851 quomodolibet
714 801 823 837 unite
854 801 915 837 vel
947 800 1182 848 quantitatis
1209 799 1486 847 principiative

180 860 614 898 incommunicabiliter
639 860 700 895 vel
734 858 1135 895 communicabiliter.
1170 857 1488 893 Incommunica-

181 919 324 964 biliter,
363 927 405 954 ut
444 917 645 966 quantitas
684 916 911 964 singularis,
957 928 1033 964 que
1071 914 1262 963 recipitur
1303 928 1328 957 a,
1366 916 1487 951 modo

179 975 439 1024 intelligendi,
484 975 633 1011 scilicet
671 974 1055 1020 incommunicante,
1096 972 1331 1020 respiciente
1375 972 1486 1019 illud,

180 1036 287 1082 quod
320 1035 439 1070 habet
471 1046 511 1069 se
543 1045 613 1081 per
648 1033 810 1068 modum
845 1031 1023 1077 materie,
1062 1039 1104 1066 ut
1143 1039 1241 1078 puta
1273 1030 1397 1078 ipsius
1431 1030 1485 1066 rei

128 1097 162 1128 15
179 1091 403 1140 singularis.
426 1090 824 1127 Communicabiliter
838 1102 943 1135 vero,
963 1098 1005 1125 ut
1021 1088 1222 1137 quantitas
1238 1088 1485 1132 universalis,

180 1149 430 1198 particularis
462 1150 522 1185 vel
553 1148 780 1193 intrinseca,
819 1147 886 1183 ubi
921 1148 1060 1183 modus
1098 1145 1358 1193 intelligendi,
1392 1154 1485 1193 puta

178 1207 279 1255 signi
310 1206 564 1255 particularis
595 1206 655 1243 vel
692 1205 938 1250 universalis,
979 1203 1139 1252 respicit
1170 1203 1269 1239 illud
1302 1205 1409 1251 quod
1447 1216 1487 1239 se

180 1266 311 1311 habet,
344 1274 387 1301 ut
420 1264 588 1300 materia
620 1263 837 1311 aliquando
869 1262 1041 1298 sumitur
1067 1261 1289 1310 copulative
1312 1274 1384 1309 pro
1408 1260 1487 1297 suis

180 1322 450 1368 inferioribus,
483 1330 526 1357 ut
558 1322 598 1357 in
631 1320 855 1369 quantitate
887 1319 1114 1366 universali,
1160 1319 1376 1368 aliquando
1410 1319 1487 1354 dis-

124 1396 165 1417 20
181 1380 367 1427 iunctive,
406 1388 449 1415 ut
481 1380 521 1415 in
555 1378 787 1427 particulari
819 1379 879 1415 vel
910 1377 1139 1423 intrinseca,
1173 1376 1390 1425 aliquando
1423 1389 1488 1413 co-

180 1438 363 1486 pulatum
401 1438 461 1474 vel
500 1437 756 1482 disiunctum,
796 1445 838 1472 ut
877 1435 917 1471 in
957 1435 1101 1481 mixtis,
1144 1447 1219 1483 que
1255 1447 1328 1471 nec
1368 1436 1415 1471 de
1448 1447 1487 1470 se

181 1505 271 1532 sunt
319 1495 572 1540 universales,
624 1507 696 1530 nec
744 1493 1019 1542 particulares,
1070 1494 1138 1529 sed
1185 1493 1487 1541 quodammodo

179 1562 417 1601 pregnantes
455 1561 536 1589 tam
576 1552 927 1597 universalitatem,
967 1564 1086 1599 quam
1126 1550 1486 1598 particularitatem

179 1611 488 1657 includentibus,
521 1620 564 1647 ut
597 1618 689 1646 sunt
722 1609 926 1645 exclusive.

124 1673 163 1705 25
237 1671 502 1705 SUPPOSICIO:
527 1668 637 1705 Sicut
656 1667 884 1715 ypothetica
904 1679 985 1702 non
1007 1665 1152 1702 dicitur
1172 1666 1295 1713 qualis
1317 1678 1339 1701 a
1361 1664 1488 1713 quali·
1596 1670 1642 1696 As
1664 1677 1695 1708 a„

179 1735 258 1762 tate
274 1726 454 1774 parcium
479 1726 606 1773 ipsam
630 1724 980 1770 constituencium,
997 1723 1051 1760 sic
1073 1736 1145 1759 nec
1169 1723 1314 1759 dicitur
1338 1731 1488 1771 quanta
1516 1704 1759 1773 ρῗὲξέζῧῗέξῆις

30 1788 200 1822 1⁴¹.183¹a
234 1784 456 1832 quantitate
495 1784 623 1831 ipsam
657 1781 1011 1827 constituencium;
1040 1777 1045 1834 Ι
1074 1789 1183 1828 patet
1216 1793 1237 1816 a
1275 1780 1395 1816 simili
1426 1781 1487 1816 vel
1503 1773 1769 1834 ῢῃοξῇξέὲῑῐὲξῑζῐξ

179 1854 201 1877 a
234 1841 380 1878 minori
413 1842 473 1878 vel
506 1854 527 1877 a
560 1841 716 1887 maiori,
757 1853 847 1877 cum
889 1839 1060 1888 qualitas
1100 1851 1121 1875 a
1162 1838 1287 1886 magis
1326 1837 1486 1874 realiori
1523 1816 1733 1869 yconstituent

180 1901 299 1936 modo
322 1898 568 1947 intelligendi
591 1907 771 1935 sumatur
794 1911 915 1946 quam
943 1896 1158 1945 quantitas,
1192 1896 1286 1944 quia
1315 1895 1486 1944 qualitas
1519 1877 1754 1938 Ρᾶἳιῑὸὶξῗωᾶῑιδο

122 1963 200 1994 3οᾶ
231 1957 375 2003 forma,
409 1956 611 2005 quantitas
633 1969 726 1992 vero
750 1969 771 1992 a
796 1956 916 1992 modo
941 1955 1243 2003 quodammodo
1266 1954 1483 1999 abstracto,
1536 1946 1745 1980 quantitative.

178 2013 296 2062 prout
329 2015 450 2060 aliud,
485 2015 592 2063 quod
625 2026 665 2050 se
706 2015 823 2050 habet
856 2026 927 2061 per
965 2013 1130 2048 modum
1165 2011 1343 2056 materie,
1377 2019 1484 2046 tenet

177 2073 235 2109 vel
269 2073 386 2109 habet
410 2085 449 2108 se
477 2071 866 2109 communicabiliter
890 2069 1127 2118 copulative,
1152 2068 1385 2105 disiunctive
1409 2077 1481 2105 etc.

176 2130 237 2166 vel
268 2129 720 2174 incommunicabiliter3
761 2129 792 2164 si
831 2141 924 2176 ergo
963 2128 1003 2163 in
1036 2126 1276 2174 ypotheticis
1309 2139 1390 2162 non
1422 2139 1484 2162 su-

179 2187 300 2223 mitur
332 2187 502 2236 qualitas
535 2200 557 2224 a
589 2187 782 2235 partibus,
821 2199 892 2222 nec
925 2184 1188 2233 quantitas..

122 2248 160 2281 35
236 2246 556 2281 CORROLARIUM:
599 2244 639 2280 Si
678 2244 821 2292 aliquis
861 2245 1002 2279 modus
1042 2241 1308 2289 coniungendi
1340 2240 1485 2288 princi—

178 2303 277 2350 palis
315 2302 354 2338 in
392 2302 672 2350 proposicione
705 2301 934 2349 ypothetica
966 2309 1023 2336 est
1056 2300 1260 2336 absolutus
1293 2300 1341 2334 ab
1374 2298 1484 2334 omni

180 2360 346 2396 materia
378 2360 567 2406 sensibili,
590 2359 861 2406 ymaginabili,
896 2359 956 2395 vel
987 2357 1248 2404 intellegibili,
1283 2356 1349 2404 qui
1374 2358 1421 2392 de
1444 2368 1483 2391 se

178 2430 259 2453 non
303 2417 462 2465 respicit
507 2419 556 2453 ad
601 2417 808 2453 materiam
855 2415 1156 2464 quomodolibet
1194 2423 1385 2462 quantam
1424 2414 1485 2449 vel

179 2474 413 2523 quantitatis
435 2474 757 2522 principativarn,
774 2474 863 2509 talis
885 2473 1114 2521 ypothetica
1133 2485 1213 2507 non
1232 2472 1304 2508 erit
1320 2480 1482 2519 quanta.

118 2546 163 2577 40
180 2532 219 2569 Si
254 2545 346 2568 vero
386 2534 526 2569 modus
568 2531 837 2579 coniungendi
875 2531 1196 2578 ypotheticarum
1235 2528 1396 2577 respicit
1434 2529 1484 2564 ad

180 2589 390 2626 materiam
434 2589 544 2638 prius
589 2590 750 2635 dictam,
795 2589 884 2625 talis
927 2588 1158 2636 ypothetica
1202 2587 1275 2623 erit
1312 2594 1482 2634 quanta;

249 2735 286 2762 18.
309 2735 450 2768 sumitur]
472 2735 559 2761 cod:
584 2734 675 2761 sumi.
759 2733 799 2760 25.
822 2733 920 2767 qualis
941 2732 1062 2759 addidit
1082 2731 1237 2758 Malthew.
1320 2729 1364 2757 28.
1386 2730 1479 2757 Coti..-

178 2784 210 2823 ᾗ
228 2801 243 2820 a
263 2794 298 2819 af·
319 2793 361 2819 vcl
384 2801 399 2819 a
421 2792 539 2819 maiori.
