2056 3234
187 518 203 550 5

168 816 205 837 10

169 1094 203 1127 15

163 1393 204 1414 20

164 1965 204 1996 30

221 177 310 205 CAP-
333 178 413 205 XIX·
549 182 606 212 DE
634 182 755 212 ENTE
785 181 1203 213 PREDICAMENTALI.
1744 170 1813 205 ¹85

221 295 278 323 est
300 286 476 333 effectus,
501 295 537 322 et
560 286 615 322 ita
638 288 685 322 de
718 286 817 322 aliis.
852 288 944 323 Ideo
977 294 1148 334 oportet,
1184 287 1290 333 quod
1324 298 1396 332 pro
1430 294 1529 321 tem-

220 357 316 392 pore
349 343 473 392 priori
505 344 554 380 sit
587 344 776 390 efficiens,
811 352 847 380 et
879 357 952 392 pro
986 353 1167 391 tempore
1201 342 1416 391 posteriori
1440 342 1528 378 finis

220 401 395 438 effectus.

277 461 333 495 De
378 471 496 495 causa
540 459 664 502 finali,
717 458 850 507 gracia
895 459 1007 495 cuius
1054 458 1293 506 adquirendi
1341 466 1528 494 causatur
1551 464 1811 503 Theseisaljke

221 525 351 553 motus
391 517 451 553 vel
495 516 683 564 operacio
729 525 785 553 est
830 516 1047 553 conformis
1093 516 1322 553 difficultas.
1376 518 1528 552 Natura
1560 499 1802 566 d}{}}ff,ffi¹¹{{[1}{f¹¹

220 574 323 610 enim
360 583 396 611 et
429 574 636 622 quodlibet
668 574 851 611 ordinate
884 587 1003 622 agens
1037 575 1086 610 ad
1120 583 1228 610 extra
1261 573 1341 621 agit
1365 582 1529 621 propter
1581 569 1679 595 which
1702 573 1785 596 must

221 632 355 677 finem,
400 631 466 680 qui
505 641 643 668 causat
682 631 853 668 finaliter
890 633 967 668 tale
1006 644 1125 680 opus;
1164 640 1207 667 ut
1240 630 1432 668 alteracio
1471 639 1529 667 est
1597 603 1774 664 ξοιειὲῑκῑνοιξῂι

220 698 385 737 propter
408 690 578 726 formam
603 689 914 726 substancialem
938 691 1225 737 generandam,
1250 688 1530 725 deambulacio
1556 672 1812 734 undiqrstaslgeszrg-fm*

220 757 386 795 propter
408 747 619 784 sanitatem
644 749 906 795 querendam,
931 756 967 783 et
990 756 1120 783 totum
1146 746 1334 783 meritum
1358 745 1532 782 hominis

220 813 384 852 propter
413 805 632 852 premium,
666 817 742 853 que
774 805 950 852 theologi
982 813 1137 853 ponunt
1170 803 1533 852 proporcionaliter

221 863 549 910 correspondere.
596 863 761 899 Constat
800 871 934 899 autem
968 862 1106 899 omnia
1138 862 1235 898 talia
1269 874 1352 898 esse
1384 861 1533 909 impos-

219 919 364 966 sibilia,
409 920 485 956 nisi
531 919 727 956 extensius
760 919 809 956 sit
848 932 922 965 res,
968 933 1088 968 quam
1127 920 1168 956 in
1206 919 1391 965 instanti3
1439 931 1533 966 ergo

220 990 301 1013 non
338 977 488 1022 omnia,
537 990 613 1026 que
651 986 743 1013 sunt
781 978 1072 1025 temporaliter,
1120 986 1212 1014 sunt
1250 977 1371 1013 simul
1403 977 1443 1013 in
1475 976 1534 1012 in-

221 1035 361 1081 stanti3
402 1035 433 1071 si
466 1035 571 1071 enim
606 1048 678 1083 pro
714 1036 805 1072 dato
838 1035 1003 1072 instanti
1036 1035 1086 1072 sit
1119 1035 1284 1081 sanitas,
1324 1044 1419 1071 tunc
1451 1047 1533 1071 non

221 1102 278 1129 est
322 1093 494 1141 amplius
538 1094 652 1129 labor
697 1106 769 1140 pro
814 1093 881 1129 illa
926 1093 1187 1141 adquirenda.
1237 1095 1286 1129 Et
1323 1092 1429 1129 idem
1477 1101 1534 1129 est

221 1160 504 1198 argumentum
538 1163 611 1198 pro
644 1163 899 1199 quacumque
932 1151 1174 1199 operacione
1207 1159 1373 1199 propter
1397 1150 1532 1186 finem.

222 1211 321 1244 Nam
346 1208 377 1244 si
401 1217 489 1256 post
513 1208 632 1244 finem
666 1209 787 1244 talem
821 1208 1068 1257 adquisitum
1093 1209 1194 1245 foret
1217 1208 1306 1245 talis
1330 1207 1533 1256 operacio,

220 1275 314 1302 tunc
358 1266 460 1302 foret
503 1266 662 1310 frustra,
708 1275 764 1311 ut,
810 1266 841 1302 si
881 1266 969 1314 quis
1016 1275 1190 1303 meretur
1234 1275 1325 1314 post
1372 1267 1532 1313 plenam

221 1323 549 1371 premiacionem,
568 1323 666 1359 illud
686 1323 872 1359 meritum
893 1325 943 1360 ad
961 1324 1084 1360 nichil
1107 1323 1337 1361 deserviret.
1363 1325 1534 1372 Oportet

220 1394 314 1429 ergo
352 1382 474 1417 talem
508 1381 626 1417 finem
661 1394 828 1417 causare
861 1382 1146 1429 operacionem
1180 1383 1462 1429 precedentem
1498 1389 1535 1417 et

218 1452 299 1475 non
332 1451 404 1487 pro
439 1451 625 1475 mensura
658 1439 748 1475 talis
780 1439 932 1487 operis;
967 1452 1059 1487 ergo
1092 1449 1194 1488 post,
1230 1441 1392 1488 quando
1417 1440 1535 1475 habet

219 1509 301 1533 esse
335 1496 504 1541 actuale,
546 1505 583 1533 et
615 1505 751 1533 tamen
788 1506 949 1544 oportet
983 1506 1204 1542 causatum,
1246 1497 1277 1533 si
1311 1510 1381 1533 sua
1415 1509 1535 1533 causa

219 1563 289 1590 est.
325 1556 450 1600 Patet,
478 1555 585 1602 quod
608 1563 767 1603 oportet
792 1563 1000 1591 causatum
1024 1556 1103 1592 tale
1131 1568 1214 1591 esse
1247 1568 1319 1603 pro
1352 1564 1534 1602 tempore

218 1611 343 1660 priori
376 1621 413 1648 et
446 1625 558 1648 suam
592 1624 753 1648 causam
789 1625 872 1649 esse
905 1626 978 1660 pro
1011 1622 1193 1661 tempore
1226 1612 1455 1661 posteriori.

277 1672 333 1706 De
378 1678 545 1717 peccato
597 1678 730 1706 autem
784 1670 970 1718 originali
1015 1679 1052 1707 et
1097 1670 1184 1707 aliis
1229 1670 1451 1707 successive
1497 1677 1590 1716 etSp
1611 1681 1661 1703 too
1683 1676 1827 1716 witirtne

221 1729 504 1764 antecedenter
542 1728 801 1764 causantibus
840 1741 911 1765 sua
950 1737 1242 1777 consequenter
1280 1737 1442 1765 causata
1476 1737 1533 1764 est
1555 1712 1817 1780 ῗέΓέέῑξυξνὲζέᾖ

222 1785 440 1822 conformis
463 1785 693 1822 difficultas.
729 1787 941 1822 Peccatum
968 1787 1071 1822 enirn
1096 1786 1217 1834 primi
1241 1786 1417 1835 parentis
1442 1798 1533 1822 cau·
1558 1789 1665 1842 ξζῑὲὶὸἰξξ
1677 1781 1815 1842 ΗἾΙΓῙΞἹῘΞΞῙ

220 1842 320 1879 savit
352 1842 602 1890 originaliter
634 1855 753 1879 omne
786 1853 997 1891 peccatum
1032 1844 1227 1892 originale
1259 1856 1328 1880 sue
1367 1843 1535 1892 posteri-
1581 1855 1630 1886 yet
1650 1851 1704 1877 has
1726 1837 1816 1884 long⁷

220 1900 390 1947 oritatis‚
431 1900 566 1948 stirpis
599 1902 659 1937 vel
692 1901 981 1949 generacionis,
1022 1902 1112 1950 quia
1153 1902 1270 1938 aliter
1306 1903 1534 1950 negandum
1576 1886 1683 1913 ceased
1705 1889 1735 1912 to
1757 1888 1802 1911 be.

221 1967 322 1995 esset
355 1958 533 2006 aliquam
567 1959 688 1995 talem
721 1959 868 1995 lineam
903 1959 1178 2007 generacionis
1212 1972 1329 2007 posse
1362 1972 1459 2004 esse,
1500 1968 1536 1996 et

221 2011 373 2052 certum
408 2025 478 2061 est,
526 2018 633 2064 quod
673 2025 885 2064 peccatum
926 2017 1045 2065 primi
1084 2017 1261 2065 parentis
1302 2029 1372 2065 per
1411 2017 1537 2053 multa

221 2073 331 2110 milia
384 2086 581 2110 annorum
637 2074 752 2110 desiit
798 2087 882 2111 esse
927 2084 1019 2111 ante
1071 2074 1323 2111 nativitatem
1369 2074 1537 2121 Christi3

219 2140 378 2179 oportet
423 2144 530 2179 ergo,
575 2134 683 2180 quod
722 2132 900 2168 causavit
940 2131 1077 2169 omnia
1115 2141 1281 2180 peccata
1325 2132 1538 2180 originalia

222 2189 369 2234 futura,
411 2190 572 2237 quando
605 2189 697 2225 fuit:
738 2202 782 2225 ex
814 2202 894 2238 quo
928 2189 1120 2238 sequitur,
1161 2191 1270 2238 quod
1302 2190 1438 2227 omnia
1472 2190 1538 2226 illa

190 2251 201 2256 ’
222 2256 312 2283 sunt
336 2247 539 2294 complete
563 2256 741 2293 causata,
777 2257 814 2283 et
838 2260 908 2295 per
931 2260 1180 2296 consequens
1203 2257 1307 2295 sunt,
1342 2257 1379 2284 et
1402 2256 1539 2285 tamen

200 2317 296 2345 >nec
341 2313 552 2353 peccatum
598 2305 717 2352 primi
762 2304 953 2353 parentis,
999 2317 1070 2341 nec
1115 2314 1282 2354 peccata
1326 2305 1538 2354 originalia

163 2550 207 2580 40

224 2371 316 2398 sunt
348 2375 475 2407 nunc;
508 2362 702 2411 sequitur,
737 2364 845 2410 quod
877 2372 967 2399 sunt
1002 2372 1111 2399 extra
1142 2376 1262 2408 nunc,
1297 2376 1421 2399 unum
1446 2372 1538 2400 ante

224 2429 261 2456 et
294 2419 404 2456 aliud
438 2428 540 2467 post.
586 2420 727 2456 Dicere
767 2429 915 2465 autem,
961 2422 1068 2468 quod
1108 2420 1213 2457 idem
1253 2430 1465 2469 peccatum
1498 2421 1536 2456 in
1582 2426 1652 2454 Itis
1675 2426 1743 2465 vair!
1766 2431 1797 2464 tp

223 2490 395 2514 numero
440 2478 683 2513 transfusum
731 2487 787 2514 est
826 2477 865 2513 in
905 2490 1045 2514 ornnes
1090 2488 1272 2525 posteros
1318 2487 1374 2515 est
1418 2478 1537 2515 nimis
1579 2470 1633 2522 {fig
1649 2461 1805 2523 Stgffiestsflss

223 2536 306 2572 leve
347 2535 512 2581 dictum,
559 2535 652 2584 quia
691 2544 785 2572 tunc
825 2535 1010 2572 accidens
1050 2536 1238 2584 migraret
1277 2538 1325 2573 de
1359 2536 1537 2573 subiecto
1578 2530 1806 2592 ξζιξξζῃρξῧξξζ

226 2593 265 2629 in
299 2593 538 2639 subiectum,
585 2602 621 2629 et
655 2593 803 2629 rediret
850 2593 1088 2629 multociens
1132 2603 1221 2642 post
1267 2594 1326 2630 sui
1372 2594 1535 2630 totalem
1613 2600 1772 2636 posterity.

227 2650 538 2697 extinccionem3
572 2664 665 2698 ymo
698 2659 995 2687 sacramentum
1029 2664 1109 2687 non
1144 2653 1292 2687 deleret
1325 2652 1420 2687 illud
1445 2651 1539 2688 sim-

297 2791 334 2811 12.
357 2784 453 2811 Cod.:
474 2784 511 2810 sit
533 2792 580 2811 res
598 2770 666 2819 ἐῖῖ
681 2785 720 2812 wi
741 2784 785 2825 εἰς
806 2784 922 2825 san-itas
942 2790 984 2818 gn.
