2056 3234
292 193 341 227 70

324 477 348 510 b)
371 477 531 512 temporal.

314 1929 524 1964 Faffierhood,

323 1964 452 1999 sonship
474 1972 524 1991 are

314 1999 460 2026 relations
480 2003 533 2026 not

323 2034 516 2070 hypostases.

1017 187 1241 218 JOHANNIS
1267 187 1434 217 WlCLIF
1708 184 1797 211 CAP.
1818 185 1884 211 VII.

577 294 750 342 incipere
789 293 888 329 scire
932 294 992 329 vel
1032 292 1236 339 ordinare3
1286 301 1322 329 et
1362 293 1650 341 contingentes,
1701 293 1807 341 quia,
1853 294 1884 329 si

578 365 658 388 non
681 361 738 387 est
761 351 936 396 effectus,
971 364 1051 387 non
1075 360 1132 387 est
1164 351 1254 387 talis
1286 350 1459 387 sciencia
1491 359 1528 387 et
1561 359 1743 397 econtra3
1777 360 1885 387 ante-

578 411 721 446 cedens
755 418 811 445 est
844 408 1096 456 contingens3
1131 421 1224 456 ergo
1258 417 1295 444 et
1329 421 1590 456 consequens

636 469 788 512 Quarta
823 466 1019 503 maneries
1052 466 1294 502 relacionem
1327 466 1367 502 in
1391 468 1474 502 Deo
1506 467 1696 502 fundatur
1728 466 1769 502 in
1801 479 1885 502 exe-

577 525 742 561 cucione
765 524 968 572 operativa
992 524 1063 560 Dei
1097 525 1146 560 ad
1171 533 1277 560 extra
1311 524 1569 560 conformiter
1597 525 1648 560 ad
1670 523 1882 560 scienciam
1903 528 1914 559 3

577 584 659 619 eius
692 592 885 627 eternam,
920 590 956 618 et
989 582 1057 618 illa
1090 590 1147 617 est
1179 581 1426 629 temporalis,
1460 591 1504 618 ut
1534 581 1746 618 causancia
1779 594 1886 618 crea—

575 650 676 687 ture,
710 639 1008 686 conservancia,
1044 639 1269 676 dominium
1294 648 1330 675 et
1362 639 1522 676 similia.
1558 640 1626 675 Illa
1651 639 1756 675 enirn
1780 639 1885 676 ince—

576 707 720 746 perunt
765 710 862 742 esse,
915 707 957 733 ut
1001 706 1109 745 patet
1153 706 1383 733 commento
1429 699 1476 733 de
1520 696 1730 734 Trinitate.
1783 700 1883 733 Nam

577 765 790 804 postquam
824 755 1070 802 Augustinus
1114 754 1289 791 ostendit
1327 755 1512 803 spiritum
1560 763 1743 791 sanctum
1785 764 1885 791 eter-

575 814 719 850 naliter
764 826 847 849 esse
893 814 1057 859 donum,
1110 814 1179 849 sed
1224 813 1501 860 temporaliter
1545 814 1755 857 donatum,
1811 813 1883 849 360

576 880 707 908 movet
746 870 927 916 dubium,
974 872 1179 918 quomodo
1217 871 1374 907 nullum
1423 870 1606 907 accidens
1645 870 1747 906 inest
1788 873 1883 915 Deo,

575 942 665 965 cum
699 929 830 976 ipsum
865 941 948 965 esse
982 930 1131 965 donum
1167 928 1340 965 hominis
1378 929 1439 964 vel
1472 930 1622 965 donum
1658 941 1791 964 meum
1825 929 1886 964 vel

575 997 689 1023 tuum
728 999 772 1023 ex
812 995 995 1034 tempore
1034 986 1181 1023 accidit
1219 986 1306 1033 sibi,
1357 995 1393 1022 et
1426 995 1504 1022 stat
1543 985 1746 1023 sentencia
1779 987 1885 1022 solu-

575 1044 700 1081 cionis
738 1057 807 1081 sue
851 1044 892 1080 in
931 1045 1018 1089 hoc,
1068 1044 1108 1080 id
1148 1053 1217 1090 est,
1263 1046 1370 1092 quod
1409 1044 1546 1080 scribit
1588 1044 1660 1091 370
1695 1045 1766 1080 sub
1811 1043 1884 1080 hiis

573 1103 722 1139 verbis:
777 1104 1017 1149 „Quomodo
1057 1115 1149 1150 ergo
1182 1101 1453 1150 optinebimus
1501 1101 1622 1138 nichil
1664 1103 1884 1138 secundum

574 1160 759 1197 accidens
775 1160 852 1196 dici
877 1162 1040 1205 donum,
1066 1159 1140 1196 nisi
1165 1160 1258 1208 quia
1281 1159 1405 1208 ipsius
1429 1169 1570 1196 nature
1593 1159 1717 1196 nichil
1740 1159 1885 1196 accidit

575 1232 655 1266 quo
690 1219 909 1264 mutetur-''‚
944 1219 1050 1266 quod
1084 1217 1234 1254 dictum
1270 1219 1453 1254 doctores
1487 1217 1739 1255 concorditer
1772 1217 1886 1253 intel-

576 1276 700 1324 ligunt
733 1278 781 1312 de
813 1276 1011 1312 relacione
1045 1275 1230 1312 racionis,
1279 1278 1380 1312 Nam
1415 1275 1561 1312 relacio
1594 1275 1711 1312 realis
1745 1288 1814 1323 per
1846 1288 1886 1311 se

576 1334 615 1369 in
649 1347 805 1382 genere,
846 1346 923 1382 que
956 1333 1117 1381 proprie
1150 1343 1208 1370 est
1241 1333 1427 1370 accidens
1459 1333 1564 1369 illius
1596 1333 1763 1381 generis,
1806 1346 1886 1369 non

576 1401 705 1440 potest
745 1391 864 1428 alicui
904 1391 1098 1436 accidere,
1140 1391 1215 1428 nisi
1256 1391 1324 1437 illi,
1365 1391 1432 1439 qui
1466 1400 1597 1439 potest
1637 1391 1783 1427 mutari
1817 1404 1887 1439 per

576 1450 696 1486 talem
731 1449 1069 1498 adquisicionem3
1103 1449 1285 1497 quamvis
1309 1449 1414 1485 enim
1448 1462 1611 1497 possum
1636 1450 1770 1485 dexter
1803 1461 1885 1485 esse

576 1508 693 1555 posti,
727 1516 942 1555 postquam
976 1507 1030 1543 fui
1064 1507 1222 1543 sinister
1254 1507 1338 1543 sine
1362 1516 1474 1543 motu
1510 1507 1586 1543 mei
1620 1506 1885 1555 participante

575 1567 626 1601 ad
660 1566 746 1610 hoc,
781 1578 945 1613 possum
979 1574 1114 1602 tamen
1148 1578 1218 1612 per
1252 1574 1406 1601 motum
1441 1565 1518 1601 mei
1552 1565 1763 1612 adquirere
1797 1566 1886 1601 dex—

575 1623 775 1659 teritatem
800 1624 934 1660 talem.
960 1624 1071 1659 Patet
1095 1636 1188 1670 ergo
1212 1635 1255 1659 ex
1280 1631 1518 1670 argumento
1540 1622 1645 1659 beati
1660 1623 1884 1670 Augustini,

576 1683 683 1729 quod
729 1694 809 1717 non
849 1690 905 1717 est
950 1681 1059 1717 racio
1098 1680 1370 1729 distinguendi
1415 1681 1535 1717 aliam
1577 1680 1817 1717 relacionem
1864 1694 1885 1717 a

575 1738 769 1785 subiecto,
812 1739 908 1787 quin
948 1752 1018 1786 per
1057 1739 1163 1775 idem
1204 1738 1428 1775 dominium
1462 1739 1534 1775 Dei
1574 1738 1831 1786 distinguitur
1863 1751 1885 1775 a

578 1799 674 1844 Deo,
709 1797 890 1845 quamvis
920 1810 1000 1833 non
1023 1797 1072 1833 sit
1102 1809 1172 1844 per
1194 1809 1233 1833 se
1263 1796 1302 1832 in
1324 1808 1468 1844 genere
1497 1805 1662 1844 propter
1686 1797 1884 1833 defectum

576 1854 826 1891 fundamenti
858 1854 899 1890 in
932 1854 1065 1891 divina
1098 1853 1340 1891 substancia.

634 1914 751 1958 Quod
785 1921 918 1949 autem
953 1912 1100 1949 relacio
1125 1912 1244 1960 primi
1278 1912 1387 1949 modi
1417 1911 1675 1960 distinguitur
1707 1925 1729 1948 a
1752 1912 1885 1949 divina

574 1970 752 2007 esscncia
804 1979 913 2018 patet
966 1983 1009 2007 ex
1057 1972 1145 2016 hoc,
1200 1971 1307 2018 quod
1360 1969 1592 2018 paternitas,
1647 1969 1794 2006 filiacio
1847 1975 1915 2006 et''

642 2138 657 2149 n

642 2149 669 2167 ο.
694 2140 880 2173 commento]
903 2139 989 2166 md..-
1009 2146 1037 2174 9.

640 2256 672 2287 4.
716 2246 897 2289 Qcartum
925 2256 1059 2289 quoque
1085 2257 1106 2277 a
1129 2246 1279 2289 W'iclifio
1305 2247 1473 2279 constitui
1499 2247 1711 2279 relationum
1746 2248 1779 2278 in
1811 2248 1883 2279 Deo

570 2302 679 2335 genus
697 2298 822 2324 contra
850 2293 959 2335 ipsius
985 2293 1091 2324 verba
1106 2293 1217 2334 facit,
1243 2303 1319 2325 cum
1347 2294 1485 2334 triplex
1510 2298 1650 2325 tantum
1677 2303 1750 2325 esse
1775 2303 1884 2334 snpra

572 2339 830 2381 affirmaverim
867 2339 929 2371 sed
961 2339 1105 2371 tertium
1145 2344 1249 2381 atque
1281 2344 1448 2381 quartum
1481 2349 1594 2382 genus
1622 2344 1817 2381 propterea
1851 2339 1883 2371 in

573 2396 679 2416 unum
723 2385 972 2427 comprehendi
1004 2390 1166 2426 possunt,
1208 2386 1291 2428 quia
1330 2390 1519 2427 utrumque
1561 2386 1749 2418 relationes
1792 2385 1885 2417 inter

572 2431 689 2462 Deum
732 2436 766 2463 et
806 2435 994 2463 creaturas
1037 2432 1275 2473 amplectitur,
1318 2432 1424 2473 prius
1465 2432 1601 2474 quidem
1655 2431 1882 2471 „aeternas''‚

567 2478 747 2518 posterius
787 2478 1057 2519 „temporales”.
1199 2477 1230 2509 8.
1272 2479 1324 2520 Cf.
1363 2479 1451 2519 Aug.
1491 2479 1541 2509 De
1575 2478 1742 2509 Trinitate
1780 2478 1809 2508 V
1846 2476 1884 2508 16

572 2522 711 2565 (Migne
728 2523 844 2563 XLII,
863 2524 928 2555 col.
949 2525 1042 2563 922).
1071 2524 1143 2555 Nec
1162 2530 1314 2563 moveat,
1335 2525 1427 2566 quod
1452 2525 1599 2565 spiritus
1624 2529 1778 2564 sanctus,
1805 2533 1883 2555 cum

572 2570 617 2601 sit
641 2574 824 2602 coeternus
850 2570 953 2610 patri
985 2574 1018 2601 et
1041 2570 1130 2612 filio,
1163 2570 1296 2602 dicitur
1328 2575 1446 2602 tamen
1481 2570 1618 2612 aliquid
1643 2581 1690 2602 ex
1716 2575 1884 2610 tempore,

571 2616 676 2647 veluti
700 2616 765 2648 hoc
791 2617 915 2657 ipsum,
941 2616 1033 2656 quod
1058 2617 1229 2648 donatum
1257 2617 1428 2649 diximus.
1455 2617 1549 2648 Nam
1575 2617 1788 2659 sempiterne
1813 2616 1882 2657 spi-

573 2662 660 2693 ritus
686 2662 830 2701 donum,
858 2662 1105 2704 temporaliter
1131 2667 1249 2695 autem
1275 2663 1447 2695 donatum
1468 2688 1475 2696 .
1495 2687 1502 2694 .
1521 2687 1529 2694 .
1547 2687 1555 2694 .
1586 2663 1771 2701 Quomodo
1797 2672 1883 2705 ergo

571 2707 800 2740 obtinebimus
839 2718 899 2740 nec
936 2708 1012 2750 ipsa
1052 2708 1205 2741 relativa
1243 2718 1317 2741 esse
1349 2709 1561 2748 accidentia,
1599 2710 1765 2751 quoniam
1801 2709 1883 2741 nihil

572 2754 701 2785 accidit
731 2753 808 2786 Deo
834 2755 1093 2796 temporaliter,
1119 2755 1201 2797 quia
1236 2765 1302 2787 non
1336 2760 1387 2787 est
1419 2755 1611 2794 mutabilis,
1636 2756 1726 2787 sicut
1757 2754 1791 2787 in
1820 2765 1883 2787 ex-

571 2799 674 2832 ordio
702 2800 804 2832 huius
831 2800 1085 2842 disputationis
1113 2801 1359 2833 tractavimus.

1905 538 1918 552 Ἴ

1905 826 1942 846 10

1905 1105 1941 1136 15

1902 1403 1943 1424 20
