2056 3234
232 190 281 225 74
943 187 1167 218 JOHANNIS
1195 188 1362 218 W1CLIF
1654 188 1744 215 CAP.
1766 189 1833 217 vn.

518 306 591 330 nec
642 302 700 329 est
751 293 944 338 esseneia,
996 306 1070 329 nec
1114 293 1223 329 aliud
1268 295 1317 330 ab
1363 294 1442 330 ista
1491 296 1683 341 essencia,
1737 297 1832 345 quia

518 352 739 388 secundum
772 350 1041 398 Augustinum
1082 351 1230 387 relacio
1270 364 1351 387 non
1391 361 1448 388 est
1488 352 1597 400 quid,
1643 355 1711 390 sed
1752 367 1831 402 quo

517 410 578 446 vel
611 410 660 445 ad
693 408 859 456 aliquid.
905 408 946 444 Si
980 421 1073 456 ergo
1113 409 1153 444 in
1189 408 1332 446 divinis
1371 410 1594 447 relaciones
1627 420 1762 448 eterne
1795 421 1831 448 et

518 467 700 503 absolute
722 466 948 503 necessarie
972 466 1279 515 distingwantur
1309 480 1332 503 a
1362 480 1535 515 persona
1569 477 1606 504 et
1639 469 1829 516 essencia‚

518 525 645 561 multo
692 524 817 571 magis
868 523 944 560 alie
989 525 1212 561 relaciones
1257 537 1523 574 quecumque.
1576 526 1691 563 Levis
1737 528 1865 575 ergofi

517 582 671 628 swasio,
705 581 737 618 si
770 582 918 618 relacio
951 581 991 618 in
1025 582 1167 619 divinis
1192 582 1469 630 distingwatur
1501 585 1550 620 ab
1584 584 1762 621 essencia
1794 594 1832 622 et

517 639 759 676 substancia.

296 704 324 730 If
341 704 426 731 these
574 700 623 734 Et
646 698 677 734 si
710 698 934 746 allegentur
956 699 1142 734 doctores
1167 707 1361 746 ponentes
1384 698 1606 735 relaciones
1630 701 1728 736 tales
1751 713 1832 737 non

227 739 371 765 relations
392 747 442 765 are
463 743 494 765 to
674 755 680 762 .
960 756 966 761 .
998 756 1005 762 .
1281 755 1288 761 .
1443 756 1450 762 .
1483 756 1489 762 .

257 773 292 799 be
312 773 467 800 identified
516 768 599 792 esse
632 756 741 792 aliud
774 768 895 804 quam
930 757 1105 793 divinam
1139 768 1373 803 essenciam,
1415 758 1573 804 dicitur,
1607 759 1716 805 quod
1750 759 1826 795 hoc

226 808 494 870 ἰέῑὲξηὲξθίῖᾶξῖζῑῑξζζ
515 823 647 862 potest
679 813 894 862 dupliciter
925 813 1105 861 intelligi.
1852 827 1890 847 10

235 877 365 938 beirgezss1
381 864 493 939 sepeciiss
575 872 725 918 Primo,
758 873 867 920 quod
900 871 1121 908 relaciones
1155 872 1253 908 tales
1286 885 1367 908 non
1400 881 1491 908 sunt
1525 872 1686 920 proprie
1720 873 1829 921 quid,

371 920 384 939 S
407 934 412 939 .

225 946 246 973 1.
261 946 343 974 Such
356 947 501 974 relations
517 931 585 966 sed
618 931 669 966 ad
702 929 854 978 aliquid
886 930 947 966 vel
970 942 1031 966 res
1064 929 1253 976 racionis,
1285 942 1368 966 non
1391 938 1527 966 tamen
1560 932 1830 978 dependentes

226 983 501 1052 3¹{¹J;{{1ff]}³pgg¹>'
517 989 565 1023 ab
598 987 804 1024 intellectu
838 989 1030 1034 humano,
1064 996 1107 1023 ut
1140 987 1303 1036 quidam
1337 988 1505 1036 fingunt.
1541 989 1713 1032 Quando
1738 1001 1831 1037 ergo

279 1056 393 1078 cannot
410 1039 449 1090 'be
517 1045 675 1092 dicitur,
710 1047 819 1094 quod
843 1045 1064 1082 relaciones
1097 1046 1196 1082 tales
1219 1058 1300 1082 non
1323 1055 1415 1082 sunt
1437 1046 1546 1082 aliud
1570 1059 1690 1095 quam
1712 1049 1829 1093 Deus,

227 1085 372 1147 tssgss'tffig
390 1087 592 1149 ffliiffielfflC
625 1112 756 1151 potest
788 1116 883 1139 sane
916 1102 1095 1151 intelligi,
1131 1103 1225 1152 quia
1257 1116 1339 1140 non
1372 1103 1427 1140 sic
1461 1113 1553 1140 sunt
1585 1103 1751 1152 aliquid.
1851 1106 1887 1138 15

252 1189 289 1216 11.
304 1160 471 1218 Ῐζξωςξόεὸι
574 1163 759 1198 Secundo
800 1163 921 1198 modo
960 1169 1129 1209 possunt
1176 1161 1273 1198 talia
1313 1161 1419 1198 dicta
1462 1161 1630 1210 intelligi
1669 1162 1830 1210 equivo-

262 1232 313 1259 pre
338 1225 465 1260 icaffion,
517 1220 647 1256 cando
680 1219 720 1255 in
744 1219 1026 1267 predicacione
1058 1219 1219 1256 formali
1243 1228 1280 1256 et
1304 1219 1586 1268 predicacione
1608 1221 1829 1256 secundum

244 1261 476 1322 s012¹5¹ffiss³ltrhssts
516 1290 692 1314 causam.
747 1279 1096 1326 Quandocumque
1148 1277 1252 1313 enim
1305 1287 1466 1314 autores
1517 1277 1668 1324 dicunt,
1722 1279 1829 1326 quod

285 1330 440 1392 Πρὲξὲῃὲῗῗ
516 1335 737 1371 relaciones
760 1335 1068 1383 distingwuntur
1091 1338 1140 1372 ab
1164 1336 1355 1383 essencia,
1388 1335 1616 1384 intelligunt
1634 1335 1673 1372 in
1697 1336 1829 1384 predi-

516 1393 679 1430 cacione
712 1393 888 1439 formali‚
922 1402 959 1430 et
992 1395 1153 1442 quando
1187 1393 1338 1440 dicunt,
1373 1395 1480 1442 quod
1514 1402 1605 1430 sunt
1638 1394 1828 1441 essencia,
1847 1405 1888 1426 20

515 1452 797 1499 respondendo
821 1451 1096 1499 querentibus,
1131 1451 1227 1501 quid
1250 1460 1307 1487 est
1330 1452 1420 1488 talis
1444 1451 1604 1497 relacio,
1629 1451 1829 1488 rimantur

516 1508 756 1557 profundius
807 1509 1087 1546 condicionem
1131 1509 1356 1555 relacionis,
1409 1519 1445 1545 et
1490 1522 1569 1545 non
1622 1509 1829 1546 inveniunt

516 1567 679 1615 proprie
701 1566 813 1615 quid,
848 1576 1064 1615 antequam
1090 1567 1253 1604 veniant
1277 1569 1325 1604 ad
1348 1566 1567 1604 essenciam
1592 1567 1826 1604 fundantem

516 1625 779 1670 relacionem;
813 1624 903 1661 ideo
933 1625 1069 1661 dicunt
1092 1627 1199 1674 quod
1224 1624 1370 1661 relacio
1401 1634 1458 1662 est
1491 1624 1682 1671 essencia‚
1715 1625 1831 1662 intel-

515 1683 674 1731 ligendo
715 1682 1038 1730 predicacionem
1080 1684 1296 1727 causalem,
1336 1692 1373 1719 et
1406 1696 1487 1719 non
1525 1683 1737 1719 formalem
1772 1683 1829 1719 in-
1847 1685 1886 1716 25

515 1740 648 1786 dubie,
696 1749 733 1776 et
771 1741 860 1777 talis
907 1741 1232 1789 equivocacionis
1276 1740 1511 1788 ignorancia
1550 1739 1644 1777 fecit
1689 1753 1752 1777 me
1792 1750 1829 1777 et
1845 1743 1883 1775 F.
1901 1753 1965 1786 207

514 1799 615 1835 forte
638 1798 737 1835 alios
760 1798 1051 1847 parvipendere
1073 1799 1223 1847 scripta
1241 1801 1469 1845 doctorum,
1494 1800 1673 1846 putando
1697 1800 1805 1847 quod
1824 1795 1827 1852 Ι

516 1856 801 1893 contradicunt
838 1856 913 1893 sibi
956 1856 1067 1904 ipsis,
1113 1858 1302 1906 ponendo
1354 1858 1463 1904 quod
1509 1856 1729 1905 paternitas
1771 1866 1828 1893 est

516 1914 692 1951 essencia
725 1913 872 1961 divina,
906 1923 943 1951 et
977 1928 1083 1951 nunc
1113 1916 1301 1963 ponendo
1335 1916 1445 1963 quod
1479 1916 1618 1951 eadem
1652 1914 1830 1951 essencia

516 1972 792 2020 distingwitur.
1847 1978 1888 2010 30

247 2034 475 2073 Formf31113rtl1c
573 2032 700 2066 Nemo
736 2030 841 2067 enim
875 2039 1007 2077 potest
1039 2030 1151 2078 loqui
1183 2030 1222 2066 in
1255 2030 1331 2066 ista
1365 2030 1546 2076 materia,
1580 2039 1623 2066 ut
1655 2039 1828 2078 oportet,

249 2069 476 2131 dirsegffifft'nffffm
514 2088 589 2124 nisi
630 2090 817 2136 ponendo
857 2087 1162 2124 distinccionem
1201 2088 1413 2124 formalem
1449 2087 1662 2124 relacionis
1702 2100 1723 2124 a
1757 2101 1829 2125 suo

268 2138 307 2165 its
327 2139 453 2173 subject.
515 2145 708 2183 subiectO.
765 2147 879 2183 Unde
924 2146 994 2191 illi,
1042 2145 1110 2194 qui
1159 2155 1307 2194 negant
1353 2146 1473 2182 talem
1521 2145 1829 2182 distinccionem

516 2204 647 2240 adhuc
693 2205 934 2248 concedunt,
985 2205 1094 2251 quod
1138 2203 1196 2239 illi
1241 2203 1423 2240 termini:
1471 2212 1597 2251 pater,
1646 2203 1750 2240 filius
1792 2212 1829 2239 et

515 2261 679 2309 spiritus
711 2270 872 2298 sanctus
907 2270 1128 2298 connotant
1162 2261 1420 2307 relacionem,
1456 2271 1493 2297 et
1526 2274 1606 2297 non
1629 2270 1719 2297 sunt
1752 2265 1886 2298 ter-:55

516 2319 613 2355 mini
652 2319 955 2355 substanciales.
1003 2319 1149 2355 Dicunt
1182 2318 1308 2355 eciam
1344 2320 1453 2368 quod
1492 2328 1618 2367 pater,
1664 2332 1745 2355 non
1786 2328 1829 2355 ut

515 2386 629 2425 pater
660 2378 721 2413 vel
754 2379 825 2413 sub
863 2377 1025 2413 racione
1059 2390 1138 2425 qua
1168 2386 1295 2425 pater,
1330 2386 1387 2413 est
1420 2377 1585 2425 aliquid,
1622 2385 1658 2412 et
1691 2376 1746 2412 sic
1780 2379 1827 2412 de

515 2435 713 2482 quotlibet
758 2434 956 2471 similibus
1003 2435 1146 2471 ceteris
1190 2434 1405 2471 sentenciis
1450 2443 1700 2471 sanctorum.
1747 2436 1827 2470 Nec

516 2492 664 2528 mirum
698 2494 746 2528 de
779 2492 848 2528 tali
882 2492 1208 2540 equivocacione,
1243 2493 1337 2541 quia
1370 2492 1519 2529 relacio
1541 2501 1708 2540 propter
1740 2505 1829 2540 par-

515 2550 678 2591 vitatem
704 2562 773 2586 sue
808 2549 987 2586 entitatis
1011 2550 1069 2586 vix
1094 2550 1241 2586 sufficit
1274 2550 1492 2586 terminare
1516 2550 1642 2586 aciem
1670 2549 1826 2594 mentis,
1843 2564 1888 2594 40

586 2694 628 2723 23.
652 2695 747 2723 Cod..·
768 2696 869 2723 veiant
887 2696 968 2730 (sic).

587 2811 616 2832 2.
643 2802 790 2842 August.
820 2801 872 2843 Cf.
899 2811 1023 2843 supra,
1049 2812 1137 2844 pag.
1171 2803 1222 2833 72.
