2056 3234
207 183 295 211 CAP-
315 183 409 211 XXII·
532 186 592 218 DE
618 186 740 218 ENTE
768 186 1188 218 PREDICAMENTALI.
1726 189 1745 214 2
1762 193 1769 215 1
1786 180 1802 215 5

207 292 379 329 variaret
413 291 637 328 mocionem
670 304 797 337 suam,
830 291 906 328 nisi
938 300 1090 328 motam
1115 294 1163 328 ab
1186 291 1351 329 instanti
1383 305 1520 329 succe-
1578 298 1646 326 The
1667 301 1778 339 words.

208 351 325 387 dente
356 350 417 386 vel
449 349 539 395 alio,
574 351 681 397 quod
714 362 796 385 non
829 357 886 385 est
918 349 1149 396 fingendum
1179 362 1339 386 movere
1362 350 1518 398 signum
1544 335 1801 404 cfssnesssffin³g¹ferff0¹sn

207 408 267 445 vel
298 407 484 444 virtutem
518 407 613 443 eius.
660 409 740 443 Nec
780 419 823 442 ex
863 416 976 454 parte
1009 406 1156 453 anime,
1190 406 1285 454 quia
1318 406 1404 455 ipsa
1438 421 1519 444 non
1535 402 1810 465 ῑῑῑῇηῐὲὲῗξωνζιὲξὴ

208 464 486 513 apprehendit,
520 464 595 500 nisi
627 473 669 500 ut
701 473 757 500 est
780 472 889 500 mota
913 466 963 501 ad
992 465 1397 512 apprehendendum;
1430 465 1520 501 ideo
1629 472 1722 499 them.

176 525 366 571 fioportet
397 522 554 570 signum
587 521 696 569 prius
728 521 965 558 naturaliter
999 534 1156 558 movere
1189 521 1367 558 animam
1392 524 1441 558 ad
1464 522 1519 559 sic

207 580 313 617 varie
346 580 743 628 apprehendendum,
779 591 899 627 quam
933 579 989 616 sic
1021 580 1069 616 de
1096 580 1202 616 facto
1227 581 1518 628 apprehendat.

209 641 289 675 Nec
328 646 460 686 potest
499 637 589 682 dici,
633 639 740 685 quod
779 636 985 684 reciproce
1023 637 1161 673 iuvant
1200 649 1241 674 se
1279 637 1437 685 signum
1484 646 1520 674 et

209 695 344 732 anima
388 707 458 743 per
502 694 792 742 impotenciam
831 694 891 731 vel
936 695 1119 730 habitum
1167 695 1437 743 quiescentem
1481 695 1521 731 in

208 753 355 797 anima,
395 752 488 800 quia
526 752 567 788 in
604 752 691 800 ipso
730 760 787 788 est
825 751 1060 788 universalis
1106 761 1142 788 et
1184 751 1281 789 olim
1325 753 1436 801 lapsa
1480 752 1520 789 in

156 822 193 843 10
208 810 457 858 preteritum.
503 811 608 855 Ideo,
649 809 680 845 si
719 809 968 857 impotencia
1009 810 1176 856 iuvaret,
1212 819 1417 858 oporteret
1449 823 1521 858 pro

208 868 387 916 quolibet
418 867 584 904 instanti
617 866 809 904 innovare
840 867 1145 918 impotenciam⁷
1184 876 1228 903 ut
1267 867 1426 915 signum
1465 867 1521 904 sic

207 925 422 973 significet3
456 934 493 961 et
527 937 617 961 cum
651 925 726 961 hoc
758 937 839 961 non
870 933 1002 973 posset
1034 924 1133 972 fieri,
1166 925 1241 961 nisi
1265 925 1396 973 primo
1418 925 1521 961 limi-

208 992 288 1020 tate
321 983 579 1031 intelligendo
612 982 778 1030 instans,
818 991 862 1019 ut
893 982 1083 1029 succedit,
1127 982 1284 1020 videtur
1322 983 1520 1031 impoten-

209 1041 310 1078 ciam
351 1041 611 1089 superfluere,
653 1052 744 1076 cum
784 1040 1029 1088 impotencia
1067 1041 1170 1077 foret
1202 1049 1368 1089 propter
1400 1040 1519 1088 signi-

156 1099 191 1132 15
209 1098 445 1135 ficacionem
485 1111 629 1134 novam
670 1097 940 1135 innovandam
974 1107 1011 1134 et
1043 1098 1251 1147 antiquam
1285 1100 1519 1144 exuendam,

209 1169 285 1205 que
325 1156 434 1204 prius
472 1155 710 1192 naturaliter
748 1157 930 1201 habetur,
972 1165 1190 1204 antequam
1229 1156 1279 1192 sit
1317 1156 1408 1192 talis
1447 1156 1520 1192 irn—

208 1214 416 1263 potencia;
462 1223 499 1250 et
538 1215 586 1250 de
624 1213 763 1250 habitu
803 1222 972 1260 constat,
1006 1216 1114 1262 quod
1153 1222 1210 1250 est
1241 1213 1518 1262 impertinens.

207 1281 250 1308 ut
271 1273 437 1308 verbum
461 1270 658 1319 significet
681 1272 966 1319 quodcumque
989 1271 1160 1318 instans,
1184 1271 1274 1308 ideo
1295 1284 1518 1319 numquam

207 1339 290 1366 tam
330 1342 456 1377 prone
493 1328 685 1365 limitaret
724 1330 773 1365 ad
819 1328 1029 1376 instancia,
1075 1338 1117 1365 ut
1161 1337 1253 1366 sunt
1296 1329 1518 1377 presencia,

152 1397 193 1418 20
207 1387 281 1424 nisi
316 1387 476 1423 aliunde
509 1386 681 1432 adiutus,
717 1396 753 1423 et
786 1388 833 1423 de
865 1386 932 1423 illo
965 1386 1167 1423 adiutorio
1201 1395 1258 1423 est
1297 1386 1517 1424 conclusio.

264 1447 361 1481 Item
386 1444 501 1481 multi
533 1453 781 1492 componunt
815 1444 1005 1481 continue
1037 1444 1078 1480 in
1109 1453 1303 1493 tempore,
1337 1444 1405 1493 qui
1436 1457 1517 1481 non
1549 1449 1641 1486 Many
1662 1458 1730 1490 men
1752 1458 1790 1485 go

206 1502 434 1551 percipiunt
479 1502 771 1538 successionem
815 1501 1023 1550 temporis,
1078 1515 1167 1539 curn
1220 1510 1356 1539 tamen
1408 1502 1516 1539 iuxta
1557 1489 1779 1553 tggetgf-ng‘cgts

207 1560 324 1597 istam
342 1559 447 1596 viam
471 1572 609 1596 omnes
633 1572 733 1608 eque
757 1559 943 1596 distincte
967 1568 1256 1608 componentes
1280 1573 1370 1596 cum
1394 1561 1514 1597 verbo
1530 1553 1589 1580 and
1602 1553 1806 1616 iwniffiggiions

208 1620 255 1654 de
306 1617 481 1665 presenti
528 1630 627 1666 eque
672 1617 858 1654 distincte
901 1626 1060 1666 tempus
1104 1617 1373 1666 perciperent;
1423 1630 1516 1666 ergo
1556 1623 1734 1662 perception
1754 1624 1790 1651 of

150 1677 190 1710 25
207 1675 359 1724 posicio
391 1675 502 1712 falsa.
1627 1662 1711 1686 nme.

264 1735 523 1781 Assumptum
557 1741 666 1781 patet
698 1734 745 1769 de
779 1732 1071 1769 dormientibus
1102 1733 1143 1769 in
1175 1732 1316 1780 sardis,
1342 1746 1515 1781 quorum

206 1790 477 1839 ymaginativa
508 1790 634 1839 viguit
667 1792 947 1839 componendo
980 1799 1023 1827 ut
1055 1790 1284 1839 supposito;
1318 1790 1374 1828 sic
1407 1790 1514 1828 enim

206 1848 437 1897 sompniant
480 1848 596 1885 multi
641 1850 922 1897 componendo
967 1848 1156 1885 continue
1194 1860 1265 1897 per
1302 1850 1423 1886 verba
1467 1850 1515 1885 de

206 1906 393 1955 presenti,
427 1906 655 1958 ignorando
688 1907 845 1954 lapsum
878 1906 1085 1954 temporis.

150 1965 192 1997 30
263 1964 377 2000 Multi
409 1972 545 2000 tamen
578 1964 763 2001 distincte
796 1973 1045 2012 componunt
1078 1976 1167 2000 cum
1200 1963 1331 2000 verbis
1355 1965 1402 2000 de
1426 1976 1513 2013 pre-

206 2022 307 2059 senti
338 2021 434 2070 ipsis
468 2021 725 2058 existentibus
757 2022 797 2058 in
828 2021 961 2058 leticia
992 2022 1053 2058 vel
1091 2020 1365 2069 opinantibus,
1405 2023 1513 2071 quod

205 2080 360 2116 nullum
393 2088 551 2127 tempus
583 2088 715 2127 potest
747 2091 843 2126 esse,
877 2079 978 2116 sicut
1010 2088 1047 2115 et
1079 2078 1146 2116 alii
1178 2079 1374 2127 penaliter
1406 2093 1513 2117 corn-

206 2146 412 2186 ponentes,
446 2136 590 2186 quibus
623 2145 790 2185 apparet
821 2146 981 2185 tempus
1002 2137 1180 2185 longum,
1214 2145 1252 2173 et
1274 2136 1379 2173 idern
1405 2146 1514 2186 patet

207 2196 254 2232 de
306 2194 439 2231 bestiis
491 2194 586 2231 satis
631 2195 815 2232 distincte
863 2194 1199 2243 componentibus
1243 2194 1513 2232 mediantibus

151 2254 190 2287 35
205 2252 334 2290 verbis
368 2254 415 2289 de
447 2252 634 2301 presenti,
669 2265 745 2301 que
777 2253 838 2289 vel
870 2265 951 2289 non
984 2252 1212 2300 percipiunt
1242 2261 1415 2301 tempus,
1452 2253 1513 2290 vel

197 2323 285 2348 <non
319 2310 556 2358 punctatim,
589 2319 633 2347 ut
663 2318 796 2359 partes
829 2310 912 2346 eius
944 2311 1216 2347 succederent.

274 2475 318 2494 20.
343 2466 438 2495 Coa‘.:
463 2469 492 2494 n'
513 2468 550 2507 ad
573 2459 682 2495 aliiide.

275 2561 328 2593 26.
360 2562 483 2604 sardis]
522 2563 593 2595 sive
625 2562 748 2604 potius
785 2563 916 2605 surgis,
955 2572 1062 2604 quam
1100 2571 1217 2593 vocem
1253 2561 1428 2603 Ducange
1463 2561 1513 2593 sic

205 2608 385 2650 explicat:
428 2609 572 2648 „Fanni
615 2608 748 2650 species
793 2608 906 2641 variis
946 2608 1063 2640 usibus
1101 2607 1298 2649 applicata,
1336 2607 1511 2649 tapetibus

205 2663 325 2696 nempe
357 2654 529 2686 codicibus
563 2653 732 2687 cortinis''
764 2658 871 2697 atque
903 2654 1009 2698 affert
1041 2663 1089 2686 ex
1120 2653 1205 2695 Reg.
1237 2653 1362 2684 visitat.
1395 2652 1510 2684 Odon.

205 2699 354 2741 archiep.
373 2700 549 2742 Rotomag
574 2710 613 2731 ex
633 2700 718 2732 Cod.
737 2710 807 2742 reg.
831 2699 927 2740 1245,
945 2699 966 2732 f.
985 2698 1066 2731 60v:
1089 2699 1297 2731 Juvenimus
1321 2698 1355 2730 in
1376 2698 1510 2730 dormi-

205 2746 298 2778 torio
332 2746 598 2784 (canonicorum
635 2746 820 2788 Sagiensis
859 2745 1037 2787 ecclesiae)
1076 2745 1225 2789 sargias
1261 2745 1334 2777 sive
1372 2744 1508 2787 tapetia

186 2792 398 2831 -inhonesta,
423 2797 461 2824 ut
478 2797 566 2835 pote
591 2792 750 2824 radiata.
