2056 3234
529 723 788 776 CAPUT
827 722 1199 774 TERTIUM.

261 880 562 926 Consequenter
600 885 721 913 restat
759 875 906 921 videre,
947 888 1023 924 que
1061 874 1246 923 analogia
1286 874 1522 922 regulariter
1579 879 1684 918 Genus
1705 887 1775 906 asa

202 936 371 983 impedit
415 935 618 972 racionem
664 934 818 982 generis
863 933 978 981 loyci,
1025 942 1062 969 et
1101 945 1177 982 que
1215 945 1308 969 non.
1356 934 1521 969 Constat
1539 914 1810 983 conclekfa'iilgiilmhe

202 1006 376 1041 namque
417 1006 460 1029 ex
498 992 701 1043 predictis,
742 993 849 1040 quod
889 1004 972 1027 esse
1018 990 1292 1039 generativum
1331 999 1388 1026 est
1428 984 1811 1052 ana-¹ggffilf'41}⁵13ftltl¹'e⁶

170 1053 353 1099 Mogum,
388 1060 424 1087 et
458 1051 668 1096 constabit,
705 1051 812 1098 quod
845 1062 918 1086 nec
952 1062 1019 1085 ens
1053 1049 1092 1084 in
1116 1061 1188 1085 sua
1212 1048 1383 1084 maxima
1411 1061 1519 1084 com-
1562 1051 1762 1087 'particular-

203 1109 411 1155 munitate,
435 1121 509 1144 nec
532 1108 716 1144 accidens
738 1117 795 1144 est
818 1119 941 1156 genus
964 1106 1152 1155 logicum,
1178 1105 1288 1142 cuius
1310 1105 1520 1154 potissima

204 1180 322 1203 causa
355 1175 412 1203 est
445 1166 641 1214 analogia.
677 1167 769 1202 Ideo
792 1165 1080 1213 distingwendo
1113 1177 1235 1212 genus
1269 1163 1518 1211 ambiguum,

202 1226 249 1261 de
283 1237 361 1273 quo
396 1223 685 1260 Lincolniensis
718 1223 848 1271 primo
888 1222 1153 1271 posteriorum
1189 1221 1366 1269 capitulo
1403 1223 1459 1263 50,
1500 1234 1521 1258 a

202 1295 344 1330 genere
383 1283 510 1329 loyco,
551 1281 664 1318 cuius
697 1281 971 1329 generativum
1012 1289 1069 1317 est
1101 1279 1309 1328 quodlibet
1341 1279 1521 1327 predica-

148 1355 186 1375 10
203 1349 399 1385 mentum,
440 1349 483 1376 ut
523 1339 675 1375 dictum
717 1348 773 1376 est
806 1338 989 1387 superius
1021 1338 1061 1374 in
1092 1337 1306 1375 universali
1338 1349 1522 1374 sermone

203 1399 250 1434 de
294 1410 450 1446 genere,
494 1397 709 1434 videndum
756 1407 826 1443 est,
879 1398 1082 1445 quomodo
1130 1395 1354 1433 stabilietur
1398 1407 1521 1443 genus

202 1457 374 1504 loycum.

261 1515 380 1559 Quod
403 1522 538 1549 autern
568 1512 753 1560 analogia
777 1526 856 1549 non
879 1511 1062 1560 impedit,
1096 1513 1290 1559 probatur
1313 1511 1444 1559 primo
1479 1524 1522 1548 ex
1557 1515 1665 1547 Pr00f;
1687 1515 1748 1554 this
1768 1516 1793 1543 is

203 1573 290 1617 hoc,
344 1572 452 1619 quod
497 1583 617 1606 omne
662 1570 936 1618 generativum
982 1569 1092 1617 prius
1139 1569 1377 1606 naturaliter
1421 1568 1522 1605 inest
1567 1551 1781 1612 LStllfeWxiihlgle

150 1632 185 1664 15
204 1628 458 1666 communior
481 1628 555 1664 sibi
579 1641 651 1676 pro
675 1627 800 1676 priori
825 1637 861 1664 et
890 1637 1035 1664 natura
1059 1627 1198 1675 priori,
1230 1640 1352 1675 quam
1376 1636 1521 1663 natura
1586 1620 1765 1689 gffineffigtffln

204 1686 428 1735 posteriori,
464 1686 558 1735 quia
590 1699 670 1722 non
692 1695 825 1734 posset
858 1686 986 1722 inesse
1016 1684 1175 1733 speciei,
1210 1685 1285 1721 nisi
1319 1685 1523 1722 mediante
1628 1689 1731 1728 (omne

203 1757 275 1781 suo
320 1757 477 1792 genere,
522 1752 565 1780 ut
612 1753 722 1791 patet
767 1757 809 1780 ex
854 1743 1062 1791 predictis;
1114 1742 1229 1779 aliter
1274 1742 1378 1779 enirn
1423 1756 1523 1791 eque
1556 1725 1795 1759 generativum);

204 1801 436 1839 immediate
465 1803 568 1838 foret
600 1801 751 1849 species
775 1801 1064 1849 specialissima
1088 1813 1212 1849 genus
1235 1801 1522 1849 generativum,

205 1860 308 1896 sicut
331 1859 495 1908 aliquod
518 1872 641 1907 genus
664 1860 965 1905 intermedium,
1001 1861 1109 1908 quod
1144 1868 1200 1895 est
1224 1868 1362 1896 contra
1396 1858 1523 1895 racio-

149 1930 190 1951 20
205 1931 296 1954 nem
352 1917 674 1954 immediacionis
722 1930 817 1954 esse.
869 1919 960 1953 Ideo
1013 1918 1279 1965 supponendo
1332 1917 1431 1954 illud
1481 1930 1524 1953 ex

206 1975 334 2022 dictis,
370 1985 407 2012 et
436 1975 631 2023 capiendo
665 1977 886 2012 secundum
911 1977 1127 2012 modernos
1160 1975 1381 2023 theologos,
1417 1976 1523 2023 quod

205 2036 312 2069 Deus
335 2042 468 2081 posset
491 2034 713 2080 producere
747 2042 875 2069 totum
910 2046 1034 2081 genus
1067 2032 1297 2069 substancie
1330 2045 1523 2080 corporee

205 2091 288 2127 sine
326 2083 554 2127 substancia
596 2090 845 2138 incorporea,
891 2090 1073 2139 quamvis
1112 2092 1212 2127 forte
1251 2091 1325 2127 hoc
1364 2090 1413 2127 sit
1451 2090 1525 2126 im·

205 2148 405 2196 possibile,
440 2149 571 2185 adhuc
600 2158 740 2196 patens
773 2158 830 2185 est
852 2148 1092 2196 ponentibus
1117 2148 1283 2184 mixtum
1306 2161 1386 2185 non
1410 2160 1525 2196 posse

149 2208 188 2240 25
207 2219 290 2243 esse
313 2206 397 2242 sine
420 2206 628 2242 elementis
652 2206 999 2254 componentibus,
1030 2208 1138 2255 quod
1161 2219 1284 2254 genus
1308 2219 1523 2254 corporum

205 2263 448 2312 simplicium
489 2263 539 2300 sit
570 2264 679 2312 prius
717 2263 954 2300 naturaliter
992 2277 1136 2312 genere
1175 2277 1390 2312 corporum
1431 2263 1524 2300 mix-

276 2435 307 2466 7.
349 2425 400 2467 Cf.
441 2425 699 2456 Commentaria
738 2424 880 2456 Roberti
921 2424 1176 2456 [lincolniensis
1215 2425 1249 2456 in
1286 2423 1392 2456 libros
1431 2425 1523 2457 Post.

207 2471 309 2502 Arist.
345 2470 361 2502 5
395 2470 475 2512 (Ed.
506 2471 584 2503 Ven.
609 2472 642 2514 s.
676 2473 730 2512 5J:
776 2471 818 2502 Si
856 2480 938 2503 vero
975 2471 1166 2503 subiectum
1205 2471 1442 2503 conclusionis
1479 2471 1524 2502 sit

209 2521 386 2559 repertum
415 2517 611 2549 actualiter
637 2518 672 2549 in
699 2517 763 2556 lm,
789 2518 824 2549 in
852 2517 973 2558 quibus
995 2517 1162 2558 possibile
1188 2521 1239 2549 est
1258 2527 1327 2558 per
1353 2521 1523 2549 naturam

207 2573 308 2595 suam
330 2563 594 2602 universaliter,
623 2567 686 2595 aut
711 2564 826 2605 ipsum
856 2567 909 2595 est
935 2563 1133 2596 universale
1159 2563 1346 2595 univocum
1368 2564 1524 2604 penitus,

208 2614 273 2641 aut
291 2609 404 2651 ipsum
424 2613 476 2641 est
503 2610 762 2642 universale
788 2609 1034 2651 ambiguum
1062 2609 1244 2649 dictum,
1271 2610 1448 2642 scilicet
1475 2610 1525 2642 de

208 2655 298 2687 suis
332 2655 626 2697 inferioribus
658 2655 888 2688 secundum
924 2656 1077 2688 modos
1110 2656 1327 2695 diversos,
1367 2661 1405 2687 ut
1429 2660 1523 2698 puta

208 2701 399 2733 secundum
427 2702 532 2742 prius
563 2706 597 2733 et
625 2702 804 2744 posterius
836 2703 890 2734 vel
922 2702 1113 2734 secundum
1131 2702 1270 2744 fortius
1296 2706 1331 2734 et
1356 2702 1523 2739 debilius;

208 2748 237 2779 si
261 2747 379 2799 itqque
405 2747 517 2789 ipsum
544 2748 589 2780 sic
615 2748 815 2781 universale
833 2748 1050 2791 ambiguum,
1068 2749 1182 2790 ipsum
1201 2754 1253 2781 est
1271 2748 1523 2784 innominabile

210 2803 351 2826 Homul&
377 2804 444 2825 uno
472 2804 626 2826 unlvoce.
