2056 3234
231 185 318 213 CAP.
339 184 361 212 1.
555 188 613 220 DE
641 187 763 220 ENTE
790 187 1210 222 PREDICAMENTALI.
1803 182 1820 218 3

229 293 284 330 sic
335 302 412 339 est;
465 295 533 330 sed
581 302 776 330 assertum
829 302 886 330 est
935 294 1206 331 necessarium
1257 296 1304 331 de
1353 295 1532 344 quolibet

229 350 417 398 sensibili,
451 351 541 388 ideo
574 360 611 387 et
644 351 852 400 quodlibet
885 351 1053 389 existens
1086 365 1129 388 ex
1163 353 1317 389 eodem.

287 410 472 445 Secundo
506 421 703 457 suppono,
739 410 847 457 quod
880 421 951 457 per
983 422 1023 446 se
1055 422 1190 458 genus,
1225 411 1272 446 de
1306 423 1384 459 quo
1416 409 1532 447 nobis

228 467 357 503 solum
397 479 543 514 sermo,
582 466 780 514 significat
818 466 1041 504 universale
1083 467 1253 504 univoce
1294 467 1532 516 quiditative

195 525 298 572 §per
336 537 376 561 se
415 524 759 561 communicatum
801 524 935 560 multis
974 525 1194 573 speciebus,
1235 525 1337 562 sicut
1369 534 1532 562 econtra

228 581 379 630 species
435 591 491 618 est
543 595 634 630 pars
679 582 898 619 subiectiva
941 583 1176 620 universalis
1229 591 1416 620 contenta
1460 585 1532 620 sub

228 652 382 686 genere.
419 642 531 676 Patet
562 639 637 676 ista
670 639 903 688 supposicio
936 651 980 676 ex
1013 640 1226 677 declaratis
1249 642 1297 677 de
1320 640 1532 678 Universa-

228 696 329 733 libus
362 706 537 734 tractatu
568 697 700 746 primo
734 706 771 734 et
789 706 946 746 quarto.
981 700 1023 734 In
1047 699 1226 747 quolibet
1249 698 1353 735 enim
1388 711 1531 747 genere

227 755 558 802 predicamentali
583 764 639 791 est
662 769 785 792 unum
809 755 1075 804 suppositum,
1100 758 1209 805 quod
1239 765 1295 793 est
1319 756 1530 793 minimum

173 811 267 848 1oin
284 813 595 861 composicione,
613 813 793 861 quamvis
817 813 866 850 sit
883 822 1054 850 metrum
1081 823 1118 851 et
1142 826 1327 851 mensura
1350 814 1531 851 omnium

226 870 411 917 aliorum,
446 879 482 907 et
515 879 714 920 quotquot
746 879 838 907 sunt
870 871 1044 917 ordines,
1079 880 1137 908 tot
1160 884 1305 919 genera
1329 871 1530 909 minorum

226 937 317 964 sunt
349 930 494 975 danda,
529 941 619 965 cum
652 928 702 964 sit
730 937 854 965 status
886 929 926 965 in
949 929 1129 977 quolibet
1152 942 1354 978 processu,
1387 939 1530 967 natura

226 986 467 1023 abhorrente
512 998 744 1034 processum
789 986 829 1022 in
874 986 1089 1023 infinitum.
1154 990 1196 1024 In
1247 987 1388 1024 ordine
1434 1000 1528 1036 ergo

226 1043 538 1092 composicionis
571 1043 627 1080 rei
661 1056 704 1080 ex
737 1044 817 1080 suis
840 1044 1022 1092 partibus
1047 1044 1293 1093 quiditativis
1326 1054 1383 1082 est
1406 1058 1529 1093 genus

171 1102 497 1148 15generativum
545 1101 757 1137 minimum
805 1110 841 1137 et
885 1102 1062 1150 primum
1109 1102 1215 1139 illius
1259 1103 1424 1141 ordinis.
1487 1105 1529 1139 In

225 1158 365 1195 ordine
417 1172 509 1196 vero
562 1159 875 1207 composicionis
928 1159 1191 1209 quantitative
1252 1160 1307 1197 rei
1353 1173 1395 1197 ex
1447 1160 1528 1197 suis

225 1217 404 1264 partibus
432 1226 489 1253 est
513 1217 754 1253 indivisibile
778 1216 966 1265 primum,
991 1227 1033 1254 ut
1058 1219 1274 1266 punctuale
1297 1219 1525 1255 substancie

89 1275 127 1307 F.
147 1285 202 1318 191
223 1275 283 1310 vel
306 1284 476 1323 punctus
499 1284 567 1311 aut
590 1275 721 1311 unitas
744 1274 784 1311 in
810 1287 954 1322 genere
978 1276 1227 1324 quantitatis,
1257 1272 1261 1328 Ι
1289 1277 1349 1313 vel
1372 1276 1526 1325 aliquid

223 1332 546 1380 proposcionale,
586 1342 629 1368 ut
664 1332 875 1368 minimum
914 1334 1097 1370 naturale
1130 1346 1209 1382 quo
1250 1335 1299 1370 ad
1332 1334 1421 1371 alia.
1485 1336 1528 1370 In

166 1401 207 1422 20
223 1389 363 1426 ordine
394 1403 488 1427 vero
512 1390 824 1438 composicionis
849 1391 1082 1438 qualitative
1116 1400 1173 1428 est
1198 1393 1292 1428 dare
1315 1391 1526 1428 materiam

222 1447 575 1495 simplicissimam,
611 1457 652 1484 ut
686 1448 896 1484 materiam
930 1448 1117 1496 primam,
1158 1458 1195 1485 et
1227 1450 1400 1486 formam
1433 1449 1527 1486 sim-

222 1505 498 1552 plicissimam,
532 1515 574 1541 ut
607 1506 777 1542 formam
808 1506 1090 1553 corporeitatis
1123 1520 1202 1555 quo
1233 1509 1283 1544 ad
1308 1516 1527 1544 extremum

221 1562 403 1609 inferius3
438 1566 506 1600 sed
539 1576 618 1612 quo
651 1565 701 1600 ad
725 1573 945 1600 extremum
978 1564 1230 1612 perfeccione
1263 1565 1446 1613 superius
1470 1574 1527 1601 est

222 1620 356 1657 anima
389 1621 562 1658 hominis
586 1621 717 1670 prima
749 1622 852 1658 inter
874 1622 1024 1659 formas
1047 1623 1295 1669 sublunares,
1321 1632 1358 1659 et
1381 1635 1526 1671 corpus

165 1679 204 1711 25
222 1678 396 1715 hominis
428 1679 604 1728 primum
640 1679 857 1718 materiale.

279 1738 357 1773 Sed
386 1750 476 1773 cum
509 1737 759 1785 impossibile
791 1738 840 1773 sit
863 1737 1134 1786 pluralitatem
1168 1740 1393 1775 naturalem
1427 1751 1524 1785 esse,
1576 1743 1668 1773 Since
1688 1752 1779 1781 every

220 1793 296 1830 nisi
327 1796 542 1831 reducatur
574 1796 623 1831 ad
652 1795 861 1842 unitatem,
886 1804 1008 1844 patet,
1032 1797 1138 1844 quod
1164 1796 1266 1832 sicut
1289 1796 1367 1833 alia
1390 1796 1527 1833 omnia
1553 1779 1803 1841 ῙῇιέΓῙ-ῗὲῗςζὲυῗὲ

219 1851 522 1900 predicamenta
562 1854 810 1889 reducuntur
842 1855 892 1889 ad
923 1866 1046 1901 genus
1079 1854 1300 1890 substantie
1332 1863 1524 1903 tanquam
1540 1847 1812 1921 ξὴέῐὲᾞέίξὲῗέἧ

220 1909 408 1957 primum,
429 1910 484 1947 sic
509 1910 683 1959 primum
707 1911 943 1959 simpliciter
965 1911 1070 1947 illius
1093 1912 1248 1959 generis
1272 1921 1328 1948 est
1350 1911 1525 1960 primum
1559 1917 1798 1953 predicaments.

161 1969 203 2002 30
218 1967 455 2016 simpliciter
494 1968 706 2005 cuiuslibet
746 1969 908 2005 alterius
948 1969 1116 2017 generis,
1171 1978 1208 2006 et
1240 1970 1296 2006 sic
1328 1972 1434 2006 Deus
1467 1978 1526 2006 est

217 2024 393 2073 primurn
445 2025 681 2074 simpliciter
726 2026 1014 2075 cuiuscumque
1059 2027 1227 2075 generis,
1280 2036 1323 2063 ut
1372 2027 1526 2076 patebit

216 2077 446 2131 respicienti
485 2084 664 2121 solidius.
729 2087 804 2121 Ista
844 2084 1042 2121 sententia
1082 2094 1192 2133 patet
1231 2085 1362 2134 primo
1401 2087 1525 2122 Meta-

283 2204 325 2233 32.
347 2206 458 2242 primo]
480 2206 564 2234 cod.:
586 2215 628 2235 10.

283 2300 314 2332 7,
339 2288 371 2321 8.
397 2290 471 2330 „De
489 2290 772 2322 Universalibus'’
791 2301 881 2333 quae
897 2292 1106 2334 conscripsit
1121 2291 1277 2334 Wiclifa
1298 2291 1443 2334 Shirley
1458 2292 1479 2323 l.
1496 2301 1524 2324 c.

213 2335 304 2368 hunc
328 2337 361 2368 in
383 2336 525 2368 modum
545 2342 822 2369 enumerantur:
841 2348 879 2380 p.
894 2345 926 2377 2,
944 2339 1061 2379 operis
1079 2338 1153 2377 „De
1170 2337 1281 2369 Ente’'
1297 2338 1378 2370 libri
1389 2338 1525 2379 prioris

185 2407 189 2409 .
207 2392 298 2424 pars
316 2383 359 2413 4.·
385 2382 589 2422 „Tractatus
608 2393 758 2425 purgans
777 2394 908 2415 errores
927 2384 1014 2415 circa
1033 2384 1241 2415 universalia
1262 2384 1295 2415 in
1314 2383 1525 2415 communi’'.

207 2439 246 2470 p.
267 2429 309 2459 3.-
334 2429 487 2461 eiusdem
514 2429 596 2460 libri
615 2439 703 2470 pars
724 2431 765 2461 5:
785 2430 859 2470 „De
877 2429 1171 2461 Universalibus''.
1190 2441 1229 2472 p.
1248 2431 1291 2461 4.·
1310 2430 1524 2472 „Replicatio

215 2474 256 2505 de
274 2474 568 2506 Universalibus’'.
595 2476 675 2507 ibid.
685 2488 695 2506 :
714 2476 787 2515 ‚,De
805 2475 1105 2529 Universalibus'';
1132 2485 1180 2508 ex
1199 2477 1250 2508 his
1275 2476 1397 2508 libellis
1423 2486 1523 2519 quem

208 2521 432 2561 potissimum
463 2521 589 2563 Wiclif
610 2522 674 2554 lzoc
705 2523 780 2554 loco
812 2523 846 2554 in
886 2523 1007 2554 animo
1045 2522 1208 2554 habuerit
1239 2532 1373 2564 parum
1406 2523 1524 2564 liquet.

215 2567 269 2598 32.
303 2567 356 2609 Cf.
382 2567 484 2598 Arist.
510 2568 589 2599 Met.
615 2567 626 2598 I
656 2578 755 2607 2,1o
779 2568 861 2609 (Ed.
888 2569 1003 2600 Paris.
1031 2569 1075 2608 II,
1097 2579 1133 2610 p.
1160 2569 1238 2606 471,
1265 2571 1312 2601 25
1336 2572 1411 2608 ss.),
1443 2564 1465 2600 ὅ
1487 2578 1525 2600 τε

212 2609 278 2654 γὰρ
303 2609 394 2650 θεὸς
418 2611 519 2644 δοκεῖ
547 2615 621 2645 τῶν
651 2611 778 2645 αἰτίων
813 2614 924 2645 πᾶσιν
955 2608 1046 2645 εἶναι
1075 2612 1135 2645 καὶ
1171 2612 1260 2657 ἀρχή
1286 2625 1339 2652 τις
1369 2625 1429 2646 και
1460 2612 1525 2656 τὴν

213 2657 385 2701 τοιαύτην
400 2655 422 2700 ἢ
439 2656 550 2700 μόνος
567 2655 588 2701 ἢ
605 2658 741 2701 μάλιστ’
757 2670 802 2691 οιν
822 2657 895 2702 έχοι
912 2657 931 2692 ὁ
944 2658 1043 2698 θεός.
1064 2661 1148 2692 Item
1165 2661 1267 2692 Arist.
1282 2662 1361 2692 Met.
1370 2661 1441 2700 VH,
1505 2674 1521 2694 -

214 2705 297 2745 (Ed.
324 2707 408 2738 Par.
437 2705 481 2744 II
509 2717 547 2748 p.
575 2708 729 2745 558,12
754 2708 825 2746 ss..)
858 2706 942 2737 ἋΕἰι
967 2705 1081 2744 ἄλλως
1105 2703 1145 2738 τὸ
1170 2704 1271 2747 γένος
1296 2707 1427 2748 μᾶλλον
1450 2709 1524 2738 τῶν

214 2747 322 2782 εἰδῶν
345 2762 406 2782 και
433 2748 474 2782 τὸ
499 2749 659 2784 καθόλου
684 2754 758 2783 τῶν
782 2751 865 2783 καθ
883 2749 1026 2784 §.nuova
1056 2753 1118 2796 Τῷ
1138 2750 1177 2784 δὲ
1202 2750 1363 2785 καθόλου
1387 2750 1447 2784 καὶ
1472 2755 1520 2796 τῷ

212 2794 305 2839 γένει
328 2794 388 2829 καὶ
413 2795 450 2828 αἱ
476 2794 569 2829 ἰδέαι
594 2797 841 2830 συνάπτουσιν.

1348 2857 1383 2891 Ι-ΞΕ·
