2056 3234
212 188 298 215 CAP-
321 187 399 215 XXI·
532 191 590 222 DE
618 190 739 221 ENTE
767 189 1189 221 PREDICAMENTALI.
1724 184 1800 219 205

212 295 300 339 erit;
335 304 371 330 et
404 295 458 330 sic
492 296 539 330 de
572 294 690 330 fuisse
723 303 772 339 et,
806 303 848 330 ut
870 296 1051 340 credunt,
1085 294 1115 330 si
1140 303 1235 331 tunc
1259 295 1331 331 erit
1355 304 1447 331 ante
1471 298 1516 341 A,

211 362 304 388 tunc
337 352 409 388 erit
441 352 571 399 ipsum
595 354 640 398 A,
674 352 775 388 sicut
807 351 998 400 sequitur,
1023 361 1117 387 tunc
1140 354 1169 388 B
1194 352 1368 388 differret
1399 355 1447 389 ab
1471 356 1516 399 A,

211 422 303 457 ergo
335 419 429 445 tunc
453 409 525 445 erit
547 411 599 455 A;
632 409 733 445 sicut
758 409 862 445 enim
887 409 1117 445 differencia
1139 409 1305 457 requirit
1329 418 1516 455 extrema,

209 467 265 503 sic
315 466 568 503 anterioritas
618 475 655 502 et
704 466 979 514 posterioritas
1028 466 1275 514 temporalis.
1331 469 1411 503 Nec
1462 477 1518 504 est

179 525 417 572 §sophisma
450 524 595 569 dicere,
630 526 737 572 quod
771 532 863 560 ante
894 525 954 560 vel
986 533 1076 571 post
1109 525 1340 561 succederet
1373 527 1416 571 B,
1451 535 1517 561 aut

210 595 232 618 a
263 591 375 630 parte
406 581 576 629 predicti
609 581 753 627 dicere,
787 583 893 630 quod
927 583 1001 617 hoc
1034 582 1212 617 succedit
1234 591 1323 629 post
1346 583 1388 628 B,
1422 582 1517 630 quia

209 639 315 676 iuxta
348 639 546 687 principia
578 639 633 675 sic
667 639 941 686 opinancium,
980 639 1010 674 si
1050 648 1138 686 post
1170 640 1199 674 B
1239 641 1313 676 hoc
1353 640 1439 685 erit,
1481 649 1517 676 et

209 697 264 733 sic
296 697 533 745 expositorie
567 705 623 733 est
655 697 730 732 hoc
763 696 1015 732 inferendum
1055 696 1112 733 sic
1151 698 1375 744 arguendo:
1421 706 1515 734 tunc

61 756 284 802 F.239¹hoc
318 755 391 791 erit
419 752 422 807 1
452 763 489 790 et
520 762 615 790 tunc
651 754 724 790 erit
756 763 844 802 post
877 755 919 800 Β,
958 766 1051 802 ergo
1084 764 1173 802 post
1205 756 1234 790 B
1267 755 1342 791 hoc
1376 755 1448 791 erit
1481 764 1517 791 et

156 828 195 848 10
210 812 340 848 minor
374 822 430 848 est
463 811 692 860 proposicio
724 813 921 859 neganda.

266 872 357 906 Ideo
379 869 492 906 tercii
515 869 665 916 dicunt,
691 871 800 917 quod
831 870 984 905 nullum
1018 869 1169 905 instans
1203 869 1275 905 erit
1309 869 1348 905 in
1382 870 1517 918 aliquo
1579 875 1757 916 objection:

206 927 347 964 ordine
379 930 429 964 ad
461 927 675 976 reliquum,
707 940 780 963 nec
804 929 908 963 Deus
941 935 1071 974 potest
1102 927 1322 975 intelligere
1354 927 1517 976 aliquod
1567 910 1772 973 Tgle-gcgrisopo

208 986 317 1021 aliud
349 986 520 1022 aliorum
554 984 793 1021 instancium
817 985 877 1020 vel
902 985 1025 1020 multa
1048 984 1257 1032 instancia,
1291 987 1358 1022 sed
1391 999 1513 1022 unum
1555 981 1730 1007 succession
1752 982 1783 1007 in

208 1043 379 1089 instans;
427 1043 528 1079 sicut
574 1052 631 1079 est
669 1042 789 1087 aliud,
832 1055 952 1090 quam
993 1042 1191 1090 reliquum
1233 1043 1317 1090 erit,
1362 1043 1417 1079 sic
1458 1053 1515 1080 est
1549 1020 1782 1085 Goiinbctggriiies

259 1101 266 1107 .
579 1100 586 1106 .
796 1099 802 1105 .
1079 1100 1085 1105 .
1458 1101 1464 1107 .
1530 1085 1602 1120 only
1617 1085 1666 1111 the
1683 1090 1807 1120 present

155 1105 330 1148 15pr1us,
364 1114 485 1149 quam
518 1101 715 1148 rehquum
750 1109 835 1136 erit.
882 1102 986 1135 Deus
1026 1112 1130 1135 enim
1169 1113 1248 1136 non
1289 1110 1417 1149 potest
1457 1114 1515 1137 1n-
1554 1119 1679 1153 instant,
1700 1120 1783 1146 since

207 1158 399 1206 telligere,
433 1157 508 1195 nisi
541 1160 648 1206 quod
682 1167 811 1206 potest
844 1170 940 1204 esse,
980 1166 1023 1193 ut
1062 1167 1171 1205 patet
1203 1161 1379 1195 secundo
1411 1159 1513 1195 libro
1527 1155 1805 1224 milciaiilealccinngeniizses

207 1218 255 1252 de
299 1215 569 1264 Intelligencia
614 1216 704 1262 Dei3
749 1217 816 1252 sed
860 1216 1015 1251 nullum
1059 1215 1211 1251 instans
1254 1225 1385 1264 potest
1429 1229 1512 1253 esse
1550 1223 1621 1259 only
1641 1224 1723 1250 what
1743 1224 1779 1251 is.

207 1273 328 1321 aliud,
361 1287 480 1322 quam
516 1274 591 1309 hoc
624 1273 796 1319 instans,
834 1273 925 1309 ideo
958 1275 1064 1309 Deus
1097 1286 1177 1309 non
1209 1283 1337 1321 potest
1369 1275 1512 1311 intelli-

206 1344 296 1378 gere
329 1332 491 1380 aliquod
524 1331 694 1368 aliorum
727 1331 988 1376 instancium3
1024 1340 1061 1367 et
1092 1343 1182 1366 cum
1216 1332 1431 1380 requiritur
1464 1335 1513 1370 ad

151 1404 192 1425 20
206 1389 526 1426 verificacionem
568 1388 797 1425 affirmativi
830 1390 878 1424 de
911 1398 1087 1424 extremo
1121 1390 1265 1436 plurali
1300 1403 1513 1428 numerum

206 1456 459 1483 numeratum
485 1449 631 1484 habere
655 1456 785 1494 partes
809 1446 847 1481 in
872 1446 1060 1493 presenti,
1089 1447 1279 1494 preterito
1304 1457 1340 1484 et
1363 1448 1511 1496 futuro,

205 1504 373 1552 videtur,
407 1507 513 1554 quod
548 1505 658 1540 nulla
691 1503 885 1540 instancia
909 1506 1013 1539 Deus
1046 1503 1242 1552 intelligit,
1275 1505 1377 1541 sicut
1404 1508 1513 1543 nulla

207 1562 402 1599 instancia
439 1572 607 1611 possunt
648 1575 730 1598 esse
769 1574 828 1605 eo,
863 1563 971 1609 quod
1011 1562 1164 1597 nullum
1206 1575 1343 1598 eorum
1383 1574 1513 1611 potest

207 1632 303 1656 esse.
349 1623 449 1656 Nam
490 1620 736 1669 impossibile
769 1628 825 1655 est
858 1619 1053 1667 quotlibet
1084 1619 1279 1656 instancia
1313 1622 1395 1658 fore
1428 1623 1511 1659 sine

149 1683 189 1715 25
207 1691 386 1723 numero,
419 1687 461 1714 ut
493 1687 665 1726 quatuor
696 1677 893 1713 instancia
926 1686 1040 1713 erunt
1063 1678 1341 1725 quaternarius
1364 1679 1513 1717 instan-

206 1735 325 1781 cium,
360 1745 396 1772 et
419 1736 665 1784 impossibile
689 1744 746 1771 est
769 1747 980 1771 numerum
1005 1735 1088 1771 fore
1111 1735 1194 1772 sine
1217 1735 1296 1772 suis
1318 1738 1509 1784 partibus.

207 1795 311 1839 Ideo,
345 1793 376 1829 si
409 1793 604 1830 instancia
636 1802 762 1838 erunt,
797 1792 959 1840 aliquod
993 1792 1152 1829 illorum
1178 1793 1269 1839 erit;
1302 1807 1382 1830 non
1406 1795 1510 1831 enim

206 1850 351 1887 sufficit
381 1851 540 1897 inferre,
580 1852 687 1900 quod
720 1851 795 1887 ista
836 1859 951 1886 erunt
989 1863 1032 1886 ex
1071 1851 1158 1896 hoc,
1191 1852 1299 1899 quod
1334 1853 1406 1889 hoc
1440 1853 1512 1889 erit

206 1910 313 1956 quod
345 1918 421 1945 stat
452 1909 558 1945 idem
599 1908 869 1953 denominari3
903 1908 993 1944 ideo
1026 1917 1183 1956 oportet
1215 1921 1370 1957 capere,
1404 1913 1511 1959 quod

150 1972 193 2004 30
207 1967 291 2018 hoc
315 1976 351 2003 et
384 1968 471 2014 hoc,
499 1980 576 2015 que
607 1975 763 2015 ponunt
795 1966 835 2002 in
867 1979 1048 2012 numero,
1083 1975 1212 2013 erunt,
1246 1976 1283 2003 et
1315 1980 1386 2015 per
1418 1981 1511 2005 con-

205 2036 386 2072 sequens,
432 2038 521 2061 cum
567 2025 638 2061 iste
682 2036 872 2060 numerus
917 2023 990 2060 erit
1028 2024 1098 2060 iste
1137 2036 1339 2072 numerus,
1380 2034 1416 2062 et
1454 2026 1510 2063 sic

206 2081 427 2129 divisibilis,
462 2082 622 2119 habebit
654 2091 797 2130 partes.

263 2141 339 2175 Sed
385 2153 463 2188 quo
512 2142 561 2176 ad
606 2141 820 2176 secundam
870 2148 1022 2188 partem
1070 2139 1341 2187 responsionis
1387 2149 1508 2189 patet,
1586 2145 1741 2185 Ansujerz·

206 2199 312 2244 quod
350 2198 510 2246 laqueat
548 2210 589 2234 se
622 2197 661 2233 in
694 2197 978 2245 repugnancia,
1012 2209 1133 2244 quam
1168 2197 1296 2234 evitat.
1344 2200 1443 2235 Nam
1477 2199 1508 2235 si
1534 2178 1784 2243 Tliiisvgllavyeesctglon

150 2259 325 2292 35unum
361 2256 510 2291 instans
543 2264 600 2291 est
633 2255 755 2299 aliud,
789 2268 910 2303 quam
944 2254 1157 2302 reliquum,
1191 2264 1286 2291 tunc
1320 2265 1377 2291 est
1412 2258 1507 2292 dare
1540 2250 1777 2277 contradiction.

189 2312 420 2359 alietatem,
454 2326 532 2361 qua
571 2322 627 2349 est
665 2314 786 2359 aliud,
827 2321 863 2348 et
901 2325 971 2360 per
1009 2324 1270 2360 consequens,
1311 2326 1399 2349 cum
1440 2314 1507 2350 illa
1539 2283 1779 2346 liiicrirssislliffgfflt

205 2370 340 2406 alietas
374 2381 442 2414 est,
477 2371 559 2407 eius
593 2380 767 2407 extrema
799 2378 904 2406 sunt.
938 2370 1141 2416 Similiter,
1175 2371 1206 2406 si
1229 2372 1262 2406 A
1295 2380 1351 2407 est
1384 2352 1794 2418 aliud,t1‚e⁰‡'e¹ea¹}i³ggll{³gls,

205 2441 324 2476 quam
360 2429 571 2477 reliquum,
606 2428 679 2464 erit
701 2437 796 2465 tunc
819 2428 928 2474 illud,
954 2430 1061 2476 quod
1085 2437 1141 2463 est
1165 2428 1362 2476 reliquum
1388 2431 1437 2465 ab
1462 2431 1505 2475 A,

204 2487 263 2521 vel
297 2486 369 2521 erit
401 2487 596 2534 reliquum
632 2487 680 2522 ab
707 2488 759 2531 A;
793 2485 1010 2533 aliquando
1043 2485 1129 2531 erit,
1163 2494 1200 2521 et
1232 2486 1286 2522 sic
1319 2486 1508 2522 inciditur

145 2558 189 2587 40
205 2542 243 2578 in
275 2546 490 2579 secundam
526 2543 841 2591 responsionem.
876 2542 1080 2589 Similiter,
1114 2543 1144 2578 si
1178 2544 1253 2579 hoc
1276 2543 1428 2580 instans
1451 2553 1508 2580 est

277 2703 325 2735 16.
359 2704 512 2735 secundo
538 2703 625 2734 libro
652 2704 694 2734 de
721 2703 952 2744 intelligencia
978 2703 1053 2743 Dei]
1082 2702 1209 2742 Wiclif,
1242 2703 1292 2733 De
1318 2703 1406 2734 Ente
1433 2704 1505 2734 sive

202 2750 344 2781 Summa
376 2750 672 2787 Intellectualium,
709 2749 783 2780 Lib.
813 2749 849 2788 ll,
877 2749 988 2781 Tract.
1024 2749 1045 2779 l.
1078 2750 1127 2780 De
1161 2749 1395 2780 Intellectione
1430 2750 1504 2782 Dei.

179 2823 183 2825 ,
202 2797 370 2837 (Shirley,
390 2808 427 2838 p.
452 2796 502 2836 3.)
