2056 3234
285 183 360 209 200
1022 180 1244 212 JOHANNIS
1270 180 1436 211 WICLIF
1686 178 1774 206 CAP.
1796 178 1875 206 xxr

571 297 607 324 et
655 288 711 323 sic
759 301 828 336 per
878 287 1080 323 infinitum
1130 299 1321 334 magnum
1368 296 1525 334 tempus
1578 296 1710 335 posset
1761 300 1877 324 omne

570 358 810 394 permanens
849 346 1004 390 durare,
1051 344 1232 392 quamvis
1266 353 1518 381 momentum
1552 344 1625 381 erit
1659 345 1871 381 maximum

570 413 728 451 tempus
761 402 963 450 possibile.

339 471 442 509 Again
461 470 497 497 all
629 463 726 497 Item
760 461 868 497 iuxta
890 460 945 496 sic
968 460 1177 507 loquentes
1209 459 1363 494 nullum
1397 468 1555 507 tempus
1589 460 1695 508 capit
1728 460 1877 508 magni-

283 506 556 568 ᾓξᾮξζξὲῃᾷζῃιῇῗ
571 519 750 555 tudinem
775 530 887 554 suam
913 530 935 554 a
958 526 1139 565 tempore
1172 516 1364 564 preterito
1386 517 1447 552 vel
1478 517 1624 563 futuro,
1659 520 1727 554 sed
1750 519 1877 554 solum
1895 520 1910 551 5

361 574 475 610 perish
571 590 593 613 a
626 575 821 624 presenti;
866 576 934 611 sed
967 587 1086 611 omne
1120 574 1277 610 finitum
1310 583 1468 622 tempus
1500 574 1540 610 in
1572 575 1773 624 principio
1804 575 1878 612 erit

572 642 886 682 non-quantum,
920 645 942 669 a
965 645 1045 681 quo
1079 641 1285 678 cresceret,
1320 641 1357 669 et
1379 632 1418 668 in
1443 632 1519 668 fine
1543 633 1616 669 erit
1640 633 1876 670 diminutum

573 694 623 728 ad
645 700 964 739 non-quantum3
999 703 1092 738 ergo
1116 702 1186 737 per
1219 689 1324 726 idem
1359 690 1538 726 manebit
1574 691 1760 728 continue
1780 704 1879 727 non-

288 772 425 806 Nothing
445 770 547 797 would
572 758 782 798 quantum.
829 748 1131 796 Consequencia
1169 756 1278 796 patet
1312 760 1355 784 ex
1388 749 1476 793 hoc,
1523 750 1631 796 quod
1671 762 1770 797 eque
1806 761 1878 797 pro

290 805 549 869 seiiilshlbnntb-uihtilge
573 807 751 855 quolibet
790 806 952 843 instanti
992 805 1208 842 intrinseco
1248 806 1376 841 solum
1418 814 1474 842 est
1510 806 1750 843 indivisibile
1781 816 1937 842 tem-10

340 863 446 903 would⁷
466 876 500 902 be
573 865 680 914 poris
704 864 940 912 simpliciter
962 876 1137 912 presenS,
1170 863 1271 900 sicut
1303 863 1343 899 in
1375 863 1574 911 principio
1599 873 1635 901 et
1658 864 1698 901 in
1721 865 1809 911 fine,
1843 873 1879 900 et

302 911 533 973 ᾖιῑζᾚὲζδοᾞξῐζξέ
572 933 667 959 tunc
700 922 864 958 indubie
896 930 1054 969 tempus
1084 921 1262 957 manebit
1286 921 1472 958 continue
1494 934 1575 958 non
1598 922 1878 966 successivum,

340 981 442 1007 would
465 981 500 1007 be
573 983 641 1017 sed
680 992 921 1028 permanens
953 980 1014 1016 vel
1055 978 1308 1015 indivisibile.
1355 982 1444 1015 Non
1476 979 1532 1015 sic
1565 992 1658 1027 ergo
1697 979 1880 1028 intelligit

291 1021 471 1051 pe1mancnt
491 1015 549 1042 and
631 1039 637 1044 .
1484 1036 1490 1042 .
1519 1037 1526 1042 .

293 1056 345 1079 not
366 1050 547 1078 successive.
572 1039 806 1075 Aristoteles
839 1046 1013 1074 tractatu
1047 1038 1093 1073 de
1126 1046 1307 1084 tempore
1341 1041 1387 1083 40
1422 1037 1688 1085 Phisicorum,
1730 1050 1879 1086 ponens

574 1096 749 1144 capitulo
777 1096 821 1132 30
846 1096 997 1132 instans
1021 1107 1183 1131 manere
1216 1094 1319 1130 idem
1356 1094 1548 1142 subiecto,
1583 1097 1689 1144 quod
1724 1105 1880 1143 tempus
1902 1097 1936 1129 15

572 1154 632 1191 vel
664 1153 829 1202 aliquod
861 1153 1129 1190 successivum
1164 1161 1294 1200 potest
1325 1152 1546 1189 formaliter
1569 1153 1771 1202 loquendo
1795 1166 1880 1201 per-

574 1224 735 1248 manere
759 1213 972 1248 alteratum
995 1211 1054 1248 vel
1084 1210 1199 1247 aliter
1232 1219 1400 1257 motum,
1435 1210 1528 1258 quia
1550 1211 1712 1247 indubie
1733 1213 1880 1248 nedum

573 1270 780 1319 quodlibet
812 1279 971 1317 tempus
1002 1269 1267 1316 interceptum
1301 1268 1404 1304 inter
1437 1269 1516 1305 duo
1556 1269 1764 1314 instancia,
1812 1270 1880 1305 sed

573 1327 779 1376 quodlibet
816 1327 969 1364 instans
1008 1335 1109 1363 esset
1145 1335 1304 1374 tempus
1344 1335 1524 1362 eternum
1558 1336 1595 1363 et
1627 1327 1696 1373 sic,
1742 1327 1773 1363 si
1812 1326 1881 1363 ali-

573 1385 669 1434 quid
703 1385 790 1432 erit,
824 1385 898 1421 erit
929 1398 1000 1433 per
1032 1393 1192 1433 ternpus
1225 1393 1419 1420 eternum.
1454 1387 1555 1421 Nam
1588 1385 1619 1421 si
1652 1398 1778 1421 annus
1811 1384 1881 1421 ali·
1899 1396 1940 1416 20

573 1445 735 1492 quando
774 1443 847 1480 erit
891 1443 946 1479 ita
978 1442 1120 1488 brevis,
1166 1442 1267 1478 sicut
1311 1443 1422 1488 hora,
1470 1451 1591 1490 patet,
1636 1444 1743 1491 quod
1787 1451 1881 1479 tunc

574 1502 647 1538 erit
671 1502 783 1548 hora,
817 1510 854 1537 et
887 1513 956 1549 per
988 1500 1093 1536 idem
1128 1499 1316 1536 continue
1350 1500 1421 1536 erit
1453 1500 1509 1536 sic
1543 1500 1683 1547 brevis,
1718 1509 1755 1536 et
1778 1500 1881 1536 inter

572 1559 748 1608 quelibet
780 1559 975 1595 instancia
997 1559 1131 1594 futura
1153 1557 1461 1606 interciperetur
1484 1566 1643 1606 tempus
1666 1558 1882 1604 infinitum,

572 1617 604 1653 si
649 1618 821 1653 mundus
865 1616 938 1653 fuit
984 1625 1154 1662 eternus,
1202 1629 1292 1652 cum
1338 1628 1457 1652 omne
1501 1625 1658 1664 tempus
1702 1617 1881 1652 futurum

573 1674 805 1712 terminabit
838 1683 996 1711 tantum
1029 1683 1200 1722 tempus.
1901 1674 1940 1706 25

306 1746 423 1784 Istune
444 1744 532 1771 could
633 1735 744 1779 Item,
784 1732 815 1769 si
849 1741 982 1769 motus
1017 1741 1053 1768 et
1086 1732 1163 1768 alia
1195 1731 1417 1768 successiva
1452 1745 1474 1768 a
1507 1740 1690 1780 tempore
1723 1740 1885 1779 possent

314 1781 349 1807 be
373 1778 529 1807 umreased
575 1790 744 1827 breviari
771 1791 831 1827 vel
853 1790 1020 1838 longari,
1055 1799 1149 1826 tunc
1172 1802 1253 1826 non
1276 1789 1622 1826 individuarentur
1645 1803 1666 1826 a
1688 1799 1883 1837 ternpore.

284 1816 344 1842 and
361 1813 559 1846 ‹liminis-hed,

313 1851 349 1897 all
367 1848 542 1911 .¹¹³⁶³.¹!†0f
575 1850 834 1897 Consequens
868 1856 1005 1884 contra
1030 1847 1319 1895 Philosophum
1356 1848 1398 1883 50
1424 1847 1686 1893 Phisicorum,
1711 1856 1884 1883 tractatu

298 1887 546 1948 ξιιὲιῖιιιᾟὲιὲιὲἷὲὲῗ.
575 1908 622 1942 de
647 1906 797 1942 unitate
823 1914 967 1942 motus.
1000 1907 1061 1942 Ad
1084 1905 1280 1942 unitatem
1306 1905 1408 1941 enim
1443 1905 1725 1942 indivisibilem
1753 1914 1883 1941 motus

574 1964 790 2012 requiritur
833 1963 966 2000 unitas
1011 1963 1169 1999 mobilis
1213 1963 1407 2011 temporis
1446 1972 1483 1999 et
1528 1963 1693 1999 materie
1740 1972 1882 2007 motus,
1901 1965 1942 1997 30

574 2022 667 2070 quia
699 2021 862 2058 indubie
895 2021 1010 2057 aliter
1042 2034 1160 2057 nemo
1194 2030 1327 2068 posset
1361 2022 1455 2057 dare
1486 2020 1757 2057 differenciam
1781 2020 1884 2056 inter

574 2093 696 2116 unam
729 2079 1025 2116 revolucionem
1060 2079 1261 2125 diurnam,
1296 2088 1333 2114 et
1366 2078 1500 2124 aliam,
1534 2080 1603 2115 sed
1634 2091 1855 2127 numquam
1878 2074 1881 2131 l
1901 2080 2033 2114 F.238¹

574 2138 675 2174 foret
718 2137 793 2173 nisi
841 2150 920 2173 una
971 2136 1186 2183 revolucio‚
1239 2145 1275 2173 et
1320 2149 1389 2184 per
1435 2149 1683 2185 consequens
1727 2149 1884 2184 semper

648 2295 697 2325 14.
727 2287 780 2327 Cf.
808 2285 909 2316 Arist.
936 2286 1011 2316 Nat.
1038 2286 1141 2316 Ausc.
1168 2285 1212 2316 IV
1237 2286 1272 2318 13
1301 2285 1385 2327 (19),
1410 2295 1419 2314 1
1444 2285 1526 2323 (Ed.
1546 2285 1630 2317 Par.
1651 2284 1689 2316 II
1703 2285 1786 2322 304,
1803 2286 1884 2323 37).-

579 2328 632 2362 Τὸ
664 2328 703 2362 δὲ
735 2333 800 2362 νῦν
824 2328 899 2362 ἐστὶ
925 2329 1087 2373 συνέχεια
1111 2331 1268 2373 χρόνου.
1379 2328 1516 2372 συνέχει
1545 2328 1612 2373 γὰρ
1645 2329 1708 2362 τὸν
1737 2328 1882 2383 χρόνον·

575 2376 637 2408 τὸν
668 2375 900 2432 παρελθόντα
938 2374 997 2408 καὶ
1033 2374 1215 2418 ἐσόμενον,
1253 2373 1313 2408 καὶ
1345 2372 1437 2414 ὅλως
1467 2375 1580 2419 πέρας
1609 2374 1741 2420 χρόνου
1771 2372 1882 2407 ἐστίν·

575 2420 649 2454 ἔστι
673 2421 740 2465 γὰρ
766 2425 830 2454 τοῦ
856 2420 920 2465 μὲν
945 2421 1046 2465 ἄρχή,
1072 2426 1135 2455 τοῦ
1161 2421 1200 2455 δὲ
1227 2421 1381 2464 τελευτή.
1514 2422 1567 2454 28.
1597 2424 1651 2465 Cf.
1678 2423 1781 2454 Arist.
1808 2423 1882 2453 Nat.

533 2503 535 2505 ,
575 2470 679 2501 Ausc.
698 2470 728 2500 V
746 2480 768 2510 4
787 2469 849 2510 (6),
875 2480 907 2500 11
931 2470 1012 2507 (.Ed
1033 2471 1117 2501 Par.
1146 2470 1186 2501 II
1209 2471 1288 2507 313,
1307 2471 1357 2500 53
1375 2468 1450 2509 ss.:)
1476 2468 1588 2500 ”.Ωστε
1615 2467 1651 2500 εἰ
1671 2479 1724 2505 τις
1747 2466 1886 2510 κίνησις

575 2514 697 2546 στάσει
722 2513 1011 2557 διαλαμβάνεται,
1039 2514 1082 2547 οὐ
1107 2514 1181 2557 μία,
1216 2513 1300 2547 οὐδε
1327 2513 1489 2558 συνεχής·
1529 2513 1808 2557 διαλαμβάνεται
1833 2513 1884 2556 δέ,

576 2559 607 2593 εἰ
637 2559 770 2603 μεταξὺ
795 2559 937 2604 χρόνος·
976 2563 1052 2604 Τῆς
1076 2560 1116 2593 δε
1141 2573 1190 2604 τῳ
1219 2560 1305 2593 εἴδει
1329 2559 1377 2614 μὴ
1404 2572 1496 2618 μιας
1512 2560 1567 2602 οὔ,
1593 2559 1653 2593 καὶ
1677 2558 1709 2592 εἰ
1732 2558 1780 2602 μὴ
1806 2540 1884 2648 ὃιαὲ

574 2606 733 2639 λείπεται
767 2604 785 2639 6
817 2605 959 2650 χρόνος·
999 2605 1017 2639 6
1052 2606 1128 2650 μὲν
1158 2605 1236 2650 γὰρ
1267 2606 1424 2651 χρόνος
1456 2602 1533 2647 εἷς,
1567 2610 1623 2638 τῶ
1658 2605 1768 2639 εἴδει
1805 2605 1836 2637 δ’

576 2652 747 2695 κίνησις
772 2652 887 2694 ἄλλη.
918 2655 970 2696 (f.
997 2655 1103 2686 etiam
1132 2655 1207 2685 Nat.
1234 2655 1337 2685 Ausc.
1364 2655 1408 2685 IV
1435 2663 1470 2685 12
1492 2653 1577 2695 (18),
1599 2653 1615 2685 5
1643 2654 1725 2691 (Ed.
1744 2654 1829 2685 Pa»
1850 2653 1888 2684 II

578 2702 664 2738 302,
691 2703 733 2732 41
751 2701 835 2741 εᾳε)
866 2698 906 2731 O
929 2710 995 2742 μεν
1018 2711 1085 2742 γαρ
1110 2698 1237 2742 χρόνος
1263 2697 1371 2741 ὀριζει
1395 2697 1460 2741 τὴν
1485 2709 1624 2740 κινησιν
1649 2697 1807 2754 ᾇριθμὸς
1834 2697 1885 2730 ὢν

577 2744 699 2787 αὐτῆς
717 2751 822 2786 atque
839 2747 918 2778 ibid.
938 2749 979 2777 12
997 2747 1098 2787 (304,
1117 2749 1157 2778 14
1175 2748 1254 2783 ss.):
1285 2746 1336 2778 T6
1363 2756 1428 2787 μεν
1452 2743 1518 2787 γὰρ
1544 2756 1583 2777 εν
1599 2743 1715 2788 χρόνῳ
1735 2755 1826 2777 ειναι
1844 2745 1882 2777 τὸ

576 2792 787 2834 μετρεῖσθαι
812 2789 886 2823 ε’στι
910 2790 1039 2835 χρόνῳ,
1067 2789 1085 2823 6
1111 2790 1150 2824 δὲ
1167 2792 1293 2834 χρὸνος
1310 2791 1483 2834 κινήσεως
1500 2803 1558 2823 και
1577 2790 1726 2835 ἠρεμίας
1742 2801 1882 2834 μετρον.
