2056 3234
469 761 728 814 CAPUT
765 762 1328 815 DUODECIMUM.

101 908 138 938 F.
157 907 220 939 215
296 906 372 939 Pro
395 904 470 940 isto
497 902 592 939 mihi
615 903 771 939 videtur
795 902 959 939 indubie
982 905 1215 950 tenendum,
1241 906 1349 952 quod
1383 905 1547 953 ageneia
1575 916 1708 944 Answer
1728 921 1758 944 to
1779 925 1830 953 my

238 971 275 997 et
308 961 440 1009 passio
474 962 523 996 ad
557 973 694 997 sensus
728 960 920 997 limitatos
953 961 1193 1008 generaliter
1228 962 1548 1010 distingwuntur‚
1603 956 1798 1013 ΟΑᾞᾜΞῙΕᾞῘᾹ

237 1019 339 1055 sicut
379 1018 581 1067 quantitas
627 1028 663 1054 et
696 1018 868 1067 qualitas
913 1028 981 1055 aut
1020 1031 1274 1068 quecumque
1307 1020 1384 1056 alia
1417 1021 1548 1068 predi—
1615 1028 1731 1082 1233&ss
1751 1029 1809 1083 ¹³5⁶}

204 1080 220 1111 5
237 1086 434 1123 camenta‚
469 1076 651 1124 quamvis
675 1076 945 1113 essencialiter
966 1077 1027 1114 vel
1051 1077 1313 1114 materialiter
1345 1079 1548 1126 loquendo
1604 1071 1802 1129 qualityssanid

236 1144 327 1171 sunt
360 1135 464 1170 idem
500 1136 549 1170 ad
582 1147 720 1170 sensus
744 1134 976 1182 equivocos3
1011 1148 1100 1171 cum
1125 1134 1231 1171 enim
1268 1148 1429 1172 movens
1462 1137 1548 1184 phi-
1581 1129 1828 1194 Gcfflfflnfflbof

236 1192 363 1229 sicum
398 1192 438 1228 in
473 1193 673 1228 movendo
707 1201 888 1228 movetur
927 1202 963 1229 et
996 1194 1150 1240 agendo
1183 1193 1391 1241 repatitur‚
1426 1203 1547 1242 patet,
1638 1194 1673 1222 of
1690 1194 1761 1221 this.

236 1252 343 1299 quod
376 1250 415 1286 in
449 1249 561 1286 omni
595 1249 664 1286 tali
697 1259 838 1297 agente
870 1251 931 1286 vel
963 1263 1081 1299 passo
1105 1260 1350 1288 concurrunt
1383 1252 1548 1299 agencia

235 1309 295 1344 vel
318 1308 463 1356 passio,
488 1321 564 1356 que
588 1317 678 1344 sunt
702 1308 806 1344 idem
831 1308 1023 1355 subiecto,
1047 1317 1090 1344 ut
1113 1310 1248 1345 album
1275 1319 1311 1346 et
1334 1310 1547 1357 musicum,

181 1366 326 1402 xolicet
368 1365 554 1402 differant
599 1365 832 1402 formaliter.
879 1368 1077 1412 preterea,
1127 1379 1217 1403 cum
1263 1367 1352 1404 finis
1385 1368 1548 1415 agencie

236 1433 273 1460 et
306 1423 506 1472 passionis
529 1423 602 1459 sibi
627 1424 821 1460 correlate
845 1424 894 1459 sit
925 1424 1086 1460 effectus
1110 1426 1330 1473 productus
1353 1425 1393 1461 in
1416 1439 1547 1473 passo,

236 1491 279 1517 ut
326 1490 424 1529 puta
468 1481 640 1530 qualitas
692 1482 751 1518 vel
803 1482 1021 1529 quantitas,
1073 1495 1193 1530 quam
1241 1484 1548 1520 Commentator

235 1549 351 1576 vocat
384 1548 537 1575 motum
574 1539 833 1576 materialiter
867 1540 1031 1586 dictum,
1072 1549 1195 1588 patet,
1236 1543 1344 1589 quod
1384 1541 1425 1577 in
1458 1555 1546 1589 pre-

235 1597 441 1634 dicacione
475 1598 693 1633 secundum
721 1597 930 1634 materiam
955 1607 1036 1634 tam
1062 1599 1225 1646 ageneia
1259 1612 1379 1647 quam
1415 1599 1548 1647 passio

181 1657 217 1688 15
234 1657 283 1691 ad
328 1668 465 1691 sensus
511 1655 727 1703 equivocos
760 1664 817 1691 est
850 1655 940 1692 talis
986 1665 1117 1692 motus
1156 1656 1196 1692 in
1230 1657 1380 1693 mobili.
1417 1660 1465 1693 Et
1497 1659 1547 1694 ad

232 1713 352 1749 istum
397 1725 558 1749 sensum
604 1713 701 1750 dicit
745 1713 910 1761 Egidius
955 1726 1074 1762 super
1121 1715 1164 1750 30
1206 1714 1471 1761 Phisicorum,
1504 1724 1547 1751 ut

517 1859 550 1867 Α

299 1892 325 1920 8.
344 1892 437 1920 Coti:
460 1875 541 1933 agei}²
562 1871 588 1919 til
612 1899 675 1928 paO.

304 1997 354 2019 12.
402 1988 454 2030 Cf.
495 1989 632 2020 Comm.
673 1990 792 2021 Avcrr.
831 1990 865 2020 in
904 1990 1006 2021 Arist.
1047 1991 1122 2021 Nat.
1161 1992 1265 2022 Ausc.
1305 1991 1359 2030 111,
1404 1999 1486 2023 sect.
1525 2003 1546 2033 4

231 2034 312 2073 (Ed.
342 2035 450 2066 Arist.
477 2045 555 2076 opp.
579 2035 694 2067 Venet.
714 2035 775 2075 JV,
802 2036 842 2068 F.
869 2036 937 2075 41),
965 2037 1144 2078 imprimis
1170 2041 1288 2069 autem
1316 2039 1545 2076 sentenciam,

231 2090 334 2118 qnam
373 2090 482 2122 supra
521 2082 735 2119 rettulimuS,
774 2092 810 2122 p.
849 2083 906 2116 94,
1047 2082 1096 2114 16.
1139 2083 1191 2123 Cf.
1226 2084 1362 2125 Aegidii
1396 2084 1543 2115 Romani

232 2127 488 2157 Commentaria
526 2128 560 2158 in
597 2134 674 2158 octo
712 2127 819 2159 libros
852 2128 1072 2159 Phisicorum
1111 2129 1306 2160 Aristotelis
1339 2130 1428 2170 1114
1462 2130 1544 2171 (Ed.

235 2173 382 2205 Venetiis
420 2182 485 2214 per
516 2174 701 2206 Andream
741 2174 783 2206 de
814 2174 1023 2206 Torresanis
1055 2176 1163 2214 1502,
1197 2177 1236 2207 F.
1270 2177 1354 2214 56).·
1392 2176 1544 2209 Omnino

230 2223 347 2250 autem
376 2218 494 2251 dfeere
518 2223 590 2251 est.-
617 2229 725 2259 neque
752 2220 869 2251 doctio
896 2230 974 2252 cnm
1003 2221 1180 2258 doctrina,
1208 2232 1316 2263 neque
1343 2223 1436 2255 actio
1465 2233 1542 2255 cum

229 2265 397 2306 passione
424 2266 515 2297 idem
537 2266 689 2307 proprie
715 2270 786 2298 est:
811 2267 873 2298 sed
899 2268 955 2298 cui
975 2267 1104 2306 insunt,
1130 2268 1194 2299 lzoc
1212 2273 1264 2300 est
1283 2272 1410 2300 motus.
1441 2270 1546 2314 Qod

203 2330 206 2333 -
231 2311 321 2342 enim
354 2312 556 2343 huiusmodi
588 2312 621 2343 in
656 2313 720 2344 hoc
751 2317 784 2344 et
817 2313 910 2353 quod
936 2313 1139 2345 huiusmodi
1165 2314 1209 2345 ab
1235 2313 1299 2346 lzoc
1326 2319 1443 2347 actum
1471 2326 1545 2348 esse

231 2358 382 2397 ratione,
410 2358 562 2390 alterum
589 2363 649 2390 esc.
678 2358 790 2390 Solvit
815 2358 864 2390 ad
890 2359 987 2390 aliud
1014 2359 1271 2398 inconveniens,
1298 2361 1425 2401 dicens,
1453 2362 1546 2403 quod

230 2404 370 2435 omnino
406 2408 456 2435 est
494 2404 621 2441 dicere,
662 2404 755 2447 quod
787 2415 896 2447 neque
934 2405 1051 2437 doctio
1084 2411 1136 2438 est
1169 2410 1202 2438 et
1235 2407 1400 2439 doctrina
1435 2418 1545 2450 neque

230 2450 323 2481 actio
357 2459 435 2482 cum
468 2450 636 2491 passione
669 2455 718 2482 est
750 2451 856 2490 idem,
895 2451 956 2484 sed
988 2452 1082 2494 quod
1106 2457 1158 2484 est
1189 2452 1280 2484 idem
1315 2458 1431 2486 motus
1464 2464 1542 2486 cum

231 2496 295 2527 hoc
323 2495 462 2527 insunt.-
487 2496 569 2536 quia
595 2501 645 2528 est
671 2497 826 2529 alterum
853 2502 973 2529 actum
1002 2498 1143 2530 ratione
1161 2499 1254 2538 quod
1271 2503 1322 2531 est
1340 2500 1544 2532 huiusmodi

231 2542 264 2573 in
291 2542 363 2580 hoc,
396 2546 429 2573 et
456 2542 548 2584 quod
573 2547 626 2574 est
649 2543 854 2574 huiusmodi
877 2543 926 2575 ad
951 2544 1024 2575 hoc.
1058 2544 1265 2576 Notandum
1293 2551 1425 2586 autem,
1451 2547 1544 2587 quod

230 2588 323 2619 actio
350 2592 383 2619 et
403 2588 525 2630 passio
552 2598 619 2620 non
650 2593 732 2620 sunt
759 2589 851 2621 idem
879 2594 979 2621 actus
1006 2591 1197 2622 secundum
1227 2592 1413 2623 rationem.
1441 2593 1541 2625 Idem

230 2635 321 2666 enim
342 2638 458 2666 motus
476 2638 526 2666 est
544 2639 645 2666 actus
664 2635 802 2676 agentis
829 2640 862 2667 et
887 2636 1069 2676 patientis,
1097 2641 1130 2669 et
1155 2642 1208 2669 est
1233 2639 1326 2669 actio
1353 2642 1387 2670 et
1411 2640 1543 2680 passio,

231 2679 292 2712 sed
325 2690 394 2712 non
426 2680 487 2711 sub
514 2680 638 2712 eadem
666 2681 824 2719 ratione;
861 2681 922 2713 sed
947 2687 999 2713 est
1024 2683 1118 2715 actio
1151 2687 1184 2716 et
1217 2688 1270 2715 est
1295 2689 1396 2716 actus
1423 2684 1542 2717 huius-

233 2725 338 2763 modi,
364 2725 400 2757 id
424 2731 476 2757 est
503 2727 657 2768 agentis,
691 2727 771 2769 quia
800 2731 850 2759 est
876 2729 919 2759 ab
945 2729 1029 2765 hoc,·
1061 2733 1113 2760 est
1138 2734 1258 2762 autem
1281 2731 1405 2771 passio
1432 2735 1466 2763 et
1491 2736 1543 2763 est

191 2808 195 2809 ⁷
231 2776 332 2803 actus
357 2772 570 2811 huiusmodi,
605 2772 640 2803 id
672 2777 725 2804 est
753 2773 941 2815 patientis,
976 2783 1044 2806 non
1073 2776 1154 2815 quia
1182 2780 1233 2807 est
1259 2776 1303 2807 ab
1328 2777 1401 2817 hoc,
1429 2777 1466 2808 id
1492 2782 1543 2810 est

232 2827 252 2848 a
276 2818 447 2859 patiente,
473 2818 534 2850 sed
559 2819 643 2860 quia
670 2823 720 2851 est
747 2819 781 2850 in
808 2819 882 2858 hoc,
908 2820 944 2851 id
971 2824 1022 2852 est
1048 2821 1081 2851 in
1104 2831 1224 2862 passo.
