2056 3234
212 212 300 239 CAP-
322 212 386 239 VH-
534 214 593 245 DE
620 214 743 244 ENTE
770 213 1190 245 PREDICAMENTALI.

211 334 258 356 ne
292 320 458 356 ulterius
493 328 671 367 penetret
711 321 761 356 ad
794 319 1028 355 essenciam.
1075 320 1181 365 Ideo,
1222 329 1262 355 ut
1296 319 1392 355 dicit
1424 320 1515 356 Avi-

212 391 351 424 cenna,
397 386 453 414 est
497 377 671 413 difficilis
718 376 979 419 noscibilitas,
1026 385 1062 412 et
1101 385 1269 423 negatur
1314 390 1335 413 a
1382 377 1516 413 multis

212 444 378 483 propter
423 435 669 471 debilitatem
718 434 777 470 sui
816 447 918 480 esse3
964 434 1065 470 sicut
1104 434 1182 470 alia
1220 434 1456 482 ignorantur
1495 448 1516 470 a

211 492 482 529 cardinalibus
528 501 692 540 propter
737 491 1017 528 excellenciam
1062 491 1121 528 sui
1168 504 1263 528 esse.
1310 492 1375 528 Sic
1408 492 1513 528 enim

178 555 193 587 5
210 550 314 587 visus
331 550 551 598 corporalis
566 563 646 586 non
661 549 807 585 sufficit
823 549 1048 597 perspicere
1066 549 1241 585 medium
1259 550 1514 597 dyaphanum

210 617 376 656 propter
408 607 652 655 paucitatem
677 607 852 653 luminis,
887 608 954 643 sed
978 615 1160 655 penetrat
1192 619 1319 655 usque
1342 608 1392 643 ad
1424 607 1516 643 soli-

212 668 305 702 dum
330 665 496 713 aliquid,
514 667 620 713 quod
645 664 896 711 terminatur,
916 673 952 701 et
972 665 1164 701 excellens
1179 664 1333 701 visibile
1353 673 1517 712 propter

213 723 511 759 multitudinem
544 723 672 759 forme
704 722 871 758 visibilis
905 735 994 758 cum
1030 721 1266 758 difficultate
1299 722 1512 770 perspicit3

211 782 546 829 quandocumque
577 793 670 828 ergo
694 779 840 816 dicitur
873 780 1116 816 relacionem
1141 780 1261 816 talem
1295 781 1355 816 vel
1388 780 1516 816 racio-

158 851 301 874 10nem
347 838 572 874 formaliter
616 837 827 885 disdngwi,
873 846 1033 886 oportet
1077 837 1322 874 intellectum
1369 838 1516 874 referre

212 895 488 944 principaliter
525 897 575 932 ad
615 895 908 942 habitudinem,
955 904 992 931 et
1032 895 1269 931 secundarie
1309 895 1515 943 quiescere

212 954 250 989 in
287 955 489 990 substrata
537 953 713 989 essencia
758 954 878 989 modo
923 954 1228 1001 quodammodo
1276 953 1359 999 tali,
1406 953 1515 1001 quali

210 1011 485 1059 intelliguntur
504 1010 744 1047 universalia
762 1010 1039 1047 intelleccione
1063 1010 1255 1058 simplici3
1280 1020 1317 1047 et
1336 1012 1516 1059 quando-

210 1082 381 1117 cumque
405 1069 681 1116 intelliguntur
713 1068 989 1116 principaliter
1013 1068 1187 1105 essencie
1221 1078 1257 1104 et
1281 1069 1515 1105 secundarie

157 1129 192 1161 15
210 1126 464 1162 habitudines
484 1127 702 1163 secundun]
728 1127 846 1162 talem
872 1126 1161 1162 formacionem
1187 1135 1403 1174 conceptus
1423 1139 1515 1163 con-

210 1186 431 1220 cedendum
472 1193 529 1220 est
561 1183 783 1232 quamlibet
821 1185 941 1220 talem
981 1183 1224 1220 relacionem
1264 1197 1346 1221 esse
1385 1197 1516 1221 essen-

210 1242 327 1287 ciam,
361 1254 433 1278 nec
467 1251 523 1278 est
556 1243 776 1278 secundum
810 1242 909 1278 tales
941 1254 1078 1278 sensus
1109 1242 1324 1289 equivocos
1358 1251 1516 1278 contra-

210 1299 352 1336 diccio.
386 1301 434 1335 Et
467 1308 589 1347 patet,
624 1300 732 1347 quod
764 1312 844 1336 non
877 1300 1005 1336 solum
1032 1299 1258 1345 causaliter,
1293 1301 1360 1336 sed
1386 1312 1515 1336 essen-

209 1358 361 1394 cialiter
385 1366 476 1393 sunt
500 1357 606 1393 idem
632 1357 780 1393 relacio
804 1357 977 1393 racionis
1002 1366 1038 1393 et
1061 1370 1176 1393 suum
1193 1358 1514 1403 fundamentum,

152 1428 192 1448 20
209 1425 245 1451 et
279 1424 401 1463 patet,
436 1416 642 1463 quomodo
677 1415 812 1463 aliqua
845 1414 1110 1462 distingwitur
1133 1417 1353 1451 secundum
1388 1415 1515 1452 racio-

207 1486 312 1518 nem,
354 1482 394 1508 ut
439 1471 694 1509 communius
733 1481 771 1509 et
817 1472 948 1508 minus
987 1485 1216 1519 commune,
1256 1473 1333 1509 alia
1366 1482 1514 1519 autem,

208 1540 249 1566 ut
282 1530 478 1576 raciones,
520 1543 596 1578 que
628 1543 709 1566 non
742 1539 832 1566 sunt
869 1543 940 1578 per
972 1543 1012 1566 se
1044 1530 1084 1566 in
1122 1543 1265 1578 genere
1299 1530 1339 1566 in
1373 1532 1513 1567 eadem

208 1588 385 1625 essencia
418 1588 595 1633 fundate,
630 1597 667 1623 et
699 1587 790 1634 alia,
824 1597 866 1624 ut
890 1587 1068 1624 essencia
1101 1597 1137 1624 et
1160 1601 1231 1624 sua
1263 1588 1372 1625 racio
1406 1597 1514 1625 extra

206 1658 342 1694 genus.
390 1645 550 1682 Relacio
584 1654 718 1682 autem
760 1658 829 1694 per
861 1659 901 1682 se
935 1645 974 1681 in
1012 1658 1154 1693 genere
1190 1654 1321 1694 potest
1354 1646 1514 1682 realiter

151 1706 189 1737 25
207 1703 403 1751 distingwi
434 1716 456 1739 a
484 1716 556 1739 suo
579 1703 774 1749 subiecto,
809 1716 897 1740 cum
926 1705 1070 1740 habeat
1104 1703 1323 1740 essenciam
1351 1703 1514 1740 distinc-

207 1770 288 1798 tam
330 1770 365 1797 et
399 1760 638 1809 quiditatem
679 1770 837 1797 extense
877 1762 1095 1810 loquendo,
1136 1770 1177 1797 ut
1213 1761 1513 1809 Lynconiensis.

275 1903 319 1929 24.
343 1899 443 1930 potest
463 1895 591 1929 scrl'pszss·
610 1894 676 1921 cod.
689 1904 698 1922 .·
719 1895 770 1928 po2
790 1907 821 1918 =
843 1895 978 1930 ponitur.

279 1990 319 2023 1.¹
344 1979 560 2020 Respexisse
586 1978 728 2010 videtur
759 1978 883 2020 VVicIif
903 1979 1118 2011 Avicennae:
1161 1979 1418 2021 „Metaphysica
1443 1980 1515 2011 sive

205 2026 278 2056 eius
304 2025 414 2066 prima
451 2023 694 2066 philosophia''
726 2025 758 2056 in
791 2026 890 2057 cuins
922 2026 1031 2058 libelli
1063 2032 1158 2056 tract.
1185 2026 1238 2065 III,
1272 2036 1345 2067 cap.
1378 2036 1426 2065 10,
1458 2027 1516 2058 cui

205 2071 414 2112 inscriptum
449 2075 499 2102 est
536 2071 599 2109 „ad
633 2071 788 2112 aliquid’'
821 2072 988 2113 leguntur
1020 2071 1107 2103 haec
1140 2072 1221 2113 (Ed.
1255 2073 1417 2107 Venetiis,
1451 2082 1516 2113 pet·

204 2117 469 2148 Bernardinunz
504 2116 666 2149 Venetam
694 2118 797 2156 1495,
824 2118 897 2159 sol.
924 2116 1053 2160 [13‘]).-
1081 2142 1088 2150 .
1106 2142 1114 2148 .
1132 2141 1167 2150 ..
1197 2119 1283 2149 Cum
1314 2123 1432 2150 autem
1463 2119 1514 2150 in-

203 2163 384 2196 tellexeris
412 2163 475 2195 hoc
500 2163 534 2194 in
562 2163 621 2202 eis,
646 2172 736 2203 quae
762 2164 1106 2205 exemplificavimus
1133 2165 1207 2204 tibi,
1233 2165 1398 2196 similiter
1422 2165 1515 2197 scias

204 2209 470 2250 dispositionem
485 2213 684 2241 ceterorum
706 2210 952 2247 relativorum,
972 2210 1006 2241 in
1024 2211 1145 2250 quibus
1161 2220 1227 2242 non
1244 2215 1296 2242 est
1311 2211 1514 2242 diversitas.

204 2255 282 2287 Non
302 2260 419 2288 autem
449 2255 592 2288 advenit
617 2255 795 2287 dubitatio
816 2266 909 2298 pene
936 2256 969 2287 in
998 2256 1061 2288 hoc
1087 2257 1173 2295 [οι-ο,
1200 2256 1269 2289 nisi
1287 2257 1369 2298 qnia
1390 2258 1450 2288 uni
1469 2266 1516 2289 ex

194 2301 378 2344 fratribus
412 2307 461 2334 est
494 2301 676 2343 dispositio
710 2307 868 2343 respectu
902 2302 1063 2342 alterius,
1095 2306 1131 2333 et
1155 2303 1248 2334 alter
1273 2304 1380 2334 etiam
1413 2303 1516 2335 habet

203 2348 464 2389 dispositionem
505 2351 664 2389 respectu
699 2348 822 2389 primi,
865 2352 899 2380 et
936 2352 1105 2388 utraeque
1143 2348 1393 2390 dispositiones
1433 2353 1515 2380 sunt

203 2394 355 2426 eiusdem
392 2393 515 2435 speciei
546 2394 769 2433 sensibiliter,
808 2399 841 2426 et
859 2398 1083 2436 putaverunt
1115 2404 1174 2426 eas
1209 2404 1282 2427 esse
1309 2405 1415 2426 unum
1442 2395 1512 2426 sin-

204 2440 342 2481 gulare.
369 2439 448 2471 Non
477 2444 527 2472 est
553 2445 671 2472 autem
699 2440 749 2472 sic
777 2465 784 2471 .
804 2464 810 2470 .
829 2464 838 2472 .
858 2465 866 2472 .
893 2441 1068 2472 Similiter
1094 2445 1146 2472 est
1170 2444 1358 2472 contactus
1379 2441 1412 2472 in
1432 2451 1513 2473 con-

202 2486 310 2518 tactis
336 2510 342 2517 .
364 2511 370 2517 .
391 2510 425 2517 ..
453 2486 563 2528 igitur
594 2487 688 2518 nullo
723 2486 827 2518 modo
855 2491 974 2528 putes,
1014 2487 1106 2528 quod
1139 2497 1245 2518 unum
1279 2487 1445 2519 accidens
1471 2488 1514 2518 sit

203 2532 236 2562 in
264 2531 396 2563 duobus
426 2532 601 2571 subiectis,
640 2532 690 2563 ita
719 2537 756 2564 ut
780 2532 963 2565 excuseris
994 2533 1035 2564 ob
1069 2534 1146 2571 hoc,
1183 2533 1275 2573 quod
1302 2542 1421 2574 ponas
1454 2542 1512 2564 ac-

201 2577 333 2609 cidenti
366 2588 490 2610 nomen
524 2578 742 2621 ambiguum,
781 2579 872 2611 sicut
894 2581 1062 2620 fecerunt
1092 2579 1248 2611 homines
1280 2579 1400 2611 debilis
1431 2589 1514 2621 cog-

202 2624 357 2655 nitionis.
500 2623 552 2655 26.
588 2624 641 2666 Cf.
667 2635 755 2666 pag.
784 2626 832 2656 39
864 2625 920 2656 ubi
952 2629 1065 2656 totam
1100 2624 1247 2656 Roberti
1272 2624 1514 2656 Linconiensis

202 2669 245 2701 de
269 2670 335 2701 hac
363 2680 400 2702 re
425 2671 630 2702 sententiam
658 2671 913 2711 expressimus.
