2056 3234
268 176 317 222 58

273 934 325 961 III.
345 933 425 960 srom
446 934 529 963 111110,

320 1162 373 1190 IV.
394 1163 474 1190 from

278 1198 431 1232 position3
453 1198 470 1224 i.
493 1206 517 1224 e.

264 1237 480 1267 arrangement
500 1233 534 1259 of

351 1273 447 1302 parts.

331 1626 367 1652 V.
389 1627 468 1665 from

316 1670 489 1696 posessmu.

1001 182 1224 214 JOHANNIS
1250 183 1417 213 W1C1.1F
1687 179 1775 207 CAP.
1796 179 1863 207 VII.

556 288 753 336 reliquum
779 301 824 324 eo
850 288 951 335 ipso,
970 289 1076 336 quod
1103 297 1160 323 est
1184 288 1451 335 impossibile3
1475 288 1568 324 licet
1593 287 1697 324 enim
1722 301 1862 335 sequa-

554 355 618 381 tur
658 347 706 382 de
744 346 910 382 materia
944 359 1014 394 per
1052 347 1184 382 locum
1219 347 1267 382 ab
1309 345 1526 382 extrinseco
1560 354 1655 394 aput
1696 346 1861 381 multos:

554 404 594 440 Si
626 403 699 439 iste
734 404 904 439 mundus
945 412 1001 440 est
1034 416 1124 440 cum
1158 403 1233 440 isto
1266 403 1440 448 homine,
1482 413 1576 439 tunc
1610 404 1716 440 locat
1750 416 1862 449 eum3

553 461 729 509 theologi
774 470 909 497 tamen
955 462 1068 497 multi
1109 463 1388 504 concederent,
1435 463 1543 509 quod
1583 464 1688 498 Deus
1729 470 1864 509 posset

553 531 702 567 ponere
736 519 847 555 illum
882 519 1091 555 hominum
1132 519 1171 555 in
1205 520 1355 555 mundo
1390 519 1482 555 alio.
1529 521 1606 555 Sed
1640 520 1864 567 quomodo-

553 589 726 625 cumque
764 577 813 613 sit
853 579 900 613 de
933 579 1021 623 1100,
1068 586 1220 613 certum
1262 585 1332 621 est,
1379 579 1485 624 quod
1523 590 1604 613 non
1642 576 1865 613 formaliter

553 634 715 671 racione
749 644 1032 680 extremorum,
1068 637 1135 671 sed
1160 644 1327 683 propter
1361 635 1448 678 1100,
1484 636 1591 683 quod
1615 634 1865 682 impossibile

552 701 609 728 est
643 692 764 728 alium
800 695 992 729 mundum
1029 705 1125 737 esse,
1166 694 1241 729 hoc
1275 692 1467 740 sequitur,
1509 693 1540 728 si
1574 702 1777 740 sequatur.
1824 691 1864 728 Si

552 749 656 786 enim
692 750 852 787 racione
885 750 1176 799 principiorum
1212 750 1525 787 extrinsecorum
1550 763 1621 798 per
1653 763 1693 786 se
1726 763 1865 797 seque-

552 816 673 853 retur,
707 820 777 856 per
810 808 915 845 idem
949 821 1068 845 omne
1102 821 1247 856 corpus
1280 808 1452 845 locabile
1487 816 1588 844 esset
1621 808 1660 844 in
1684 808 1865 856 quolibet

552 866 737 902 locativo.

610 923 751 960 Differt
789 924 915 960 eciam
955 937 976 960 a
1016 925 1178 972 quando
1220 925 1258 960 in
1291 925 1378 970 1100,
1420 925 1527 972 quod
1567 925 1729 972 quando
1769 923 1865 960 dicit

553 981 865 1018 mutabilitatem
888 982 1007 1028 illius,
1042 984 1150 1030 quod
1175 992 1431 1019 mensuratur
1464 983 1503 1018 in
1528 982 1595 1018 illo
1628 994 1771 1030 genere
1795 982 1862 1027 ita,

553 1041 660 1088 quod
693 1039 801 1085 talia,
836 1052 913 1088 que
946 1049 1157 1076 senescunt
1187 1041 1248 1076 vel
1278 1048 1544 1085 veterascunt,
1579 1049 1672 1077 sunt
1704 1039 1865 1087 proprie

552 1097 592 1133 in
626 1099 802 1146 quando,
837 1107 976 1134 eterno
1010 1107 1145 1134 autem
1179 1111 1272 1134 non.

610 1155 751 1192 Differt
790 1155 915 1192 eciam
958 1169 979 1192 a
1013 1155 1218 1203 posicione
1258 1155 1297 1191 in
1339 1157 1426 1201 1100,
1474 1157 1583 1204 quod
1615 1155 1767 1203 posicio
1807 1164 1864 1191 est

553 1213 770 1261 disposicio
810 1213 988 1250 eiusdem
1031 1215 1081 1250 ad
1120 1226 1160 1250 se
1194 1215 1414 1250 secundum
1456 1226 1547 1249 suas
1580 1222 1733 1261 partes;
1774 1212 1864 1249 ideo

552 1273 772 1308 secundum
806 1273 1000 1308 Autorem
1040 1271 1143 1308 inter
1175 1273 1249 1308 Sex
1282 1271 1483 1319 Principia
1522 1271 1680 1308 videtur
1712 1271 1864 1319 posicio

553 1329 725 1365 maxime
749 1331 797 1366 ab
813 1329 1031 1366 intrinseco
1054 1330 1281 1375 adveniens,
1307 1342 1379 1366 nec
1403 1338 1460 1366 est
1476 1330 1571 1366 dare
1594 1329 1860 1377 quantitatem

552 1388 611 1423 vel
650 1387 884 1435 qualitatem
919 1387 959 1423 in
998 1387 1162 1424 animali
1202 1387 1331 1435 posita
1364 1387 1540 1424 sessione
1578 1388 1640 1425 vel
1672 1387 1861 1433 stacione,

552 1445 649 1493 quin
690 1445 867 1482 continet
905 1445 1014 1481 illam
1053 1445 1257 1493 corrumpi
1297 1454 1426 1482 stante
1466 1447 1604 1482 eadem
1644 1444 1862 1493 posicione,

554 1512 591 1539 et
629 1515 700 1551 per
733 1515 982 1551 consequens
1022 1503 1186 1540 cuilibet
1219 1503 1478 1551 proporcioni
1516 1504 1576 1541 vel
1609 1503 1861 1540 similitudini

555 1560 793 1597 accidentali
828 1570 885 1597 est
917 1561 1070 1609 posicio
1103 1561 1379 1609 impertinens.

613 1618 883 1667 Distinguitur
917 1619 1042 1656 eciam
1076 1621 1124 1655 ab
1159 1619 1310 1665 habitu,
1346 1632 1434 1656 cum
1462 1620 1608 1656 habere
1641 1619 1860 1667 poleticum

554 1686 685 1725 potest
719 1678 866 1713 habere
899 1677 1185 1725 possessiones,
1219 1677 1434 1725 pacciones
1468 1686 1505 1714 et
1537 1677 1734 1725 quotlibet
1766 1676 1862 1713 talia
1904 1682 1917 1714 ζ

554 1735 894 1771 circumvolancia
944 1736 1049 1771 ultra
1097 1735 1352 1772 relacionem.
1403 1735 1529 1772 Aliter
1577 1735 1682 1771 enim
1727 1734 1863 1772 omnia

553 1792 794 1840 temporalia
846 1802 976 1829 essent
1029 1793 1242 1830 cuiuslibet
1292 1793 1466 1829 hominis
1513 1806 1558 1829 eo
1604 1793 1704 1841 ipso,
1753 1793 1862 1841 quod

553 1860 759 1898 ponuntur
800 1850 839 1886 in
879 1860 987 1887 certa
1027 1851 1220 1899 qualitate
1268 1864 1358 1887 cum
1398 1851 1488 1898 illis,
1535 1853 1642 1899 quod
1681 1864 1762 1888 non
1807 1859 1864 1887 est

552 1921 689 1945 verum
726 1910 773 1945 de
807 1909 988 1945 dominio
1021 1909 1136 1955 civili,
1179 1911 1247 1946 sed
1281 1909 1468 1945 naturali.
1514 1911 1595 1945 Nec
1628 1910 1754 1955 obest,
1796 1909 1864 1944 sed

553 1975 726 2014 oportet,
763 1966 857 2014 quia
882 1966 913 2002 si
946 1967 1095 2003 relacio
1118 1968 1308 2015 precedat
1341 1966 1418 2003 alia
1442 1979 1505 2003 sex
1539 1979 1684 2015 genera
1707 1979 1863 2014 respec—

552 2033 678 2070 tuum,
726 2025 820 2073 quia
860 2033 999 2061 notum
1041 2034 1112 2071 est,
1159 2026 1266 2074 quod
1307 2025 1473 2073 agencia
1513 2025 1741 2062 substancie
1774 2025 1861 2072 ipsa

552 2095 670 2118 sensu
703 2095 782 2119 non
816 2091 948 2130 potest
972 2095 1069 2125 esse,
1102 2083 1177 2119 nisi
1214 2084 1403 2131 precedat
1434 2083 1673 2120 naturaliter
1697 2095 1864 2131 propor—

551 2139 665 2176 cione
704 2153 841 2177 eorum
887 2142 937 2177 ad
974 2141 1158 2178 invicem.
1205 2143 1253 2177 Et
1293 2154 1384 2177 cum
1430 2140 1564 2189 passio
1610 2154 1690 2178 non
1731 2149 1862 2189 potest

620 2271 666 2290 20.
690 2263 785 2291 Coei:
803 2255 854 2291 ῨἯ
874 2255 923 2291 ab.
997 2264 1043 2290 213.
1069 2263 1163 2291 Cani..-
1182 2263 1316 2291 c'unossss.

626 2334 674 2368 18.
701 2336 869 2367 Autorem
902 2337 989 2367 inter
1015 2337 1080 2367 Sex
1107 2336 1288 2378 Principia.
1332 2336 1385 2378 Cf.
1413 2336 1555 2367 Gilberti
1589 2336 1766 2368 Porretani
1799 2337 1864 2368 Sex

553 2381 806 2423 Principiorum
834 2382 909 2414 Lib.
937 2382 1020 2424 Cap.
1048 2383 1092 2414 VI
1126 2382 1209 2423 (Ed.
1236 2383 1438 2415 Aristotelis
1470 2393 1550 2425 opp.
1582 2384 1732 2415 Venetiis
1757 2384 1864 2421 1552,

551 2429 617 2460 vol.
645 2428 670 2467 J,
691 2439 729 2469 p.
758 2430 844 2470 33¹).
884 2429 1004 2470 Magis
1030 2434 1150 2461 autem
1178 2430 1366 2470 proprium
1402 2429 1544 2460 videtur
1571 2429 1759 2470 positionis
1785 2429 1864 2460 sub-

549 2475 706 2507 stantiae
734 2476 904 2517 proxime
936 2476 1113 2515 assistere,
1151 2476 1309 2507 omnibus
1341 2476 1480 2518 quidem
1514 2476 1597 2507 aliis
1620 2476 1755 2518 formis
1780 2486 1863 2517 sup-

546 2521 682 2562 positis.
722 2521 855 2553 Positio
888 2525 1007 2553 autem
1041 2523 1144 2554 nichil
1173 2522 1272 2553 aliud
1306 2527 1366 2560 est,
1407 2531 1510 2563 quam
1546 2523 1724 2553 naturalis
1757 2523 1864 2563 ipsius

550 2567 771 2599 substantiae
789 2568 983 2607 ordinatio,
1010 2569 1124 2610 qualis
1150 2568 1205 2600 vel
1230 2578 1250 2599 a
1273 2569 1453 2610 principio
1480 2568 1618 2610 quidem
1648 2567 1775 2599 innata
1801 2572 1863 2607 est⁷

551 2617 587 2643 ut
607 2623 660 2653 ea,
687 2623 778 2655 quae
796 2615 933 2655 asperis
960 2618 994 2646 et
1019 2615 1165 2654 lenibus,
1192 2615 1401 2657 aequalibus
1427 2618 1463 2646 et
1489 2614 1730 2655 inaequalibus
1757 2614 1864 2646 inest:

551 2659 601 2690 vel
627 2670 647 2690 a
677 2660 838 2692 naturali
865 2661 1002 2702 quidem
1032 2665 1126 2692 motu
1160 2665 1336 2699 consueto,
1369 2665 1406 2691 ut
1431 2661 1538 2692 sessio
1566 2664 1599 2692 et
1624 2661 1805 2691 accubitus
1832 2665 1864 2690 et

550 2705 693 2737 similia.
727 2706 905 2748 Quicquid
936 2706 1050 2748 igitur
1076 2707 1248 2748 proxime
1280 2712 1330 2738 est
1362 2707 1585 2739 substantiae
1616 2707 1796 2745 assistens,
1829 2706 1865 2737 id

551 2753 748 2784 necessario
775 2752 907 2794 positio
939 2757 998 2791 est,
1038 2758 1069 2784 et
1097 2754 1213 2785 omnis
1246 2753 1384 2794 quidem
1413 2753 1603 2794 positionis
1635 2753 1736 2784 huius
1769 2753 1863 2784 ratio

549 2799 692 2838 suscipit
713 2799 1038 2839 praedicationem.

1887 822 1924 843 IO
