2056 3234
226 169 300 204 170

947 166 1171 198 JOHANNIS
1196 165 1364 197 WICLIF
1601 163 1690 190 CAP.
1713 162 1823 190 XVIII.

510 273 636 310 eciam
679 279 747 309 12υ
790 276 846 309 De
892 273 1061 309 Civitate
1102 273 1146 308 80
1188 272 1300 308 dicit:
1349 274 1476 308 Nemo
1522 284 1615 319 ergo
1661 285 1823 309 causam

508 331 749 368 efficientem
774 339 915 379 querat
951 330 1017 378 [in]
1054 331 1159 366 male
1181 329 1399 366 voluntatis
1434 332 1552 366 “Non
1576 330 1679 366 enim
1706 331 1824 367 habet

508 402 670 425 causam
717 389 972 434 efficientem,
1022 389 1088 424 sed
1135 387 1430 424 deficientem''.
1485 388 1671 436 Intelligit
1717 388 1820 424 enirn

507 447 745 495 simpliciter
777 459 847 494 per
881 447 1029 482 malam
1063 446 1327 491 voluntatem,
1374 445 1577 482 maliciam
1611 445 1651 481 in
1683 446 1823 482 volun-

507 514 589 542 tate
633 505 856 550 fundatam
905 513 947 540 ut
992 513 1102 552 patet
1147 517 1217 551 per
1261 504 1454 551 exempla,
1501 516 1578 552 que
1623 504 1737 552 ponit
1776 504 1856 545 de5

507 562 805 611 privacionibus
829 562 1118 610 corporalibus.
1156 561 1267 598 Sicut
1290 561 1394 597 enim
1420 561 1591 598 videndo
1615 563 1821 598 tenebram

507 621 629 657 nichil
667 620 795 666 video,
844 629 880 656 et
919 619 1120 656 audiendo
1165 619 1375 656 silencium
1421 619 1544 656 nichil
1588 619 1722 666 audio,
1768 619 1824 656 sic

506 679 691 715 faciendo
737 679 882 714 malam
924 679 1172 714 voluntatem
1217 677 1341 714 nichil
1385 677 1503 723 facio,
1550 679 1619 714 sed
1666 677 1822 723 deficio,

507 749 597 773 cum
632 736 793 773 malicia
827 736 877 772 sit
911 736 1102 772 defeccio.
1139 737 1350 784 Quotquot
1382 735 1479 772 talia
1504 735 1609 772 dicta
1633 744 1821 771 autorum

506 795 785 842 intelliguntur
817 795 877 830 vel
911 796 958 831 de
992 793 1177 830 ordinate
1210 792 1448 842 aggregatis,
1488 794 1548 830 vel
1586 792 1824 841 simpliciter
1844 814 1882 835 10

507 854 767 889 connotando
791 852 1010 898 maliciam,
1030 861 1071 888 ut
1096 853 1201 888 mala
1225 853 1409 888 voluntas
1433 860 1565 899 potest
1587 851 1825 899 simpliciter

506 911 673 958 intelligi
713 923 785 958 pro
828 911 931 946 male
969 910 1069 946 velle
1102 911 1163 946 vel
1195 909 1462 957 personaliter
1496 922 1568 957 pro
1600 909 1711 955 velle,
1759 909 1821 945 cui

506 969 653 1005 accidit
685 981 769 1005 esse
803 969 968 1013 malum,
1014 967 1115 1004 sicut
1155 968 1288 1004 album
1325 976 1457 1016 potest
1496 967 1733 1015 simpliciter
1765 966 1823 1002 in-

506 1026 645 1075 telligi,
679 1036 722 1063 ut
745 1026 841 1063 dicit
874 1025 1145 1063 substanciam
1181 1038 1266 1062 esse
1299 1026 1447 1071 albam,
1482 1038 1560 1074 que
1584 1034 1641 1061 est
1665 1026 1821 1070 albedo,

505 1086 567 1122 vel
599 1094 641 1121 ut
675 1084 770 1121 dicit
803 1084 1029 1121 subiectum
1072 1083 1339 1132 personaliter
1372 1092 1441 1120 aut
1475 1082 1713 1129 concretive,
1760 1082 1879 1125 cui15

506 1143 652 1180 accidit
697 1143 852 1188 albedo,
899 1151 941 1178 ut
980 1151 1090 1190 patet
1129 1154 1171 1178 ex
1210 1141 1467 1190 supradictis.
1513 1143 1561 1177 Et
1600 1143 1821 1178 secundum

506 1202 626 1237 talem
652 1200 892 1249 equivocum
918 1202 1085 1237 modum
1110 1199 1360 1248 intelligendi
1390 1200 1615 1236 concedunt
1638 1208 1823 1236 auctores

506 1272 627 1306 nunc,
673 1260 781 1308 quod
825 1259 916 1295 talis
961 1267 1073 1295 actus
1119 1267 1188 1294 aut
1233 1258 1393 1294 habitus
1438 1270 1519 1294 non
1563 1266 1694 1306 potest
1739 1269 1822 1293 esse

507 1319 649 1363 bonus,
684 1326 721 1354 et
754 1330 873 1362 nunc,
909 1318 1017 1365 quod
1050 1325 1183 1364 potest
1217 1316 1387 1352 deficere
1421 1329 1443 1352 a
1476 1315 1638 1352 malicia
1670 1316 1731 1352 vel
1763 1315 1822 1351 in-

506 1375 661 1411 iusticia
687 1384 723 1411 et
747 1387 831 1411 esse
865 1376 1011 1421 bonus3
1045 1374 1147 1411 sicut
1168 1374 1406 1411 Aristoteles
1438 1386 1545 1410 nunc
1569 1373 1678 1419 dicit,
1713 1375 1820 1421 quod
1838 1393 1880 1414 20

506 1433 705 1470 musicum
730 1433 875 1469 desinit
909 1445 1006 1479 esse,
1041 1434 1204 1481 quando
1237 1432 1462 1469 subiectum
1497 1431 1641 1468 desinit
1675 1432 1821 1468 habere

507 1491 716 1537 musicam,
748 1500 785 1527 et
808 1503 914 1527 nunc
939 1490 1047 1537 dicit,
1082 1490 1174 1527 licet
1198 1503 1303 1537 raro,
1338 1492 1445 1538 quod
1470 1490 1665 1526 musicum
1691 1498 1821 1538 potest

506 1562 589 1586 esse
633 1549 951 1586 non-musicum.
1007 1551 1054 1585 Et
1099 1548 1176 1585 isto
1222 1550 1344 1585 modo
1398 1547 1682 1595 intelligendus
1733 1544 1972 1600 estlF.230⁴

505 1608 718 1644 Anselmus
751 1607 791 1643 in
826 1609 883 1643 De
916 1606 1144 1644 Concordia
1175 1607 1257 1653 130,
1304 1606 1371 1642 ubi
1406 1618 1588 1654 expresse
1621 1603 1730 1652 dicit,
1764 1605 1821 1641 in-

505 1666 706 1702 iusticiam
730 1679 811 1702 non
837 1678 921 1702 esse
955 1665 1205 1714 qualitatem,
1240 1666 1308 1701 sed
1341 1664 1614 1712 privacionem
1649 1663 1878 1711 iusticie,25

505 1737 582 1772 que
614 1723 762 1761 vicium
798 1732 867 1760 est.
902 1725 951 1760 Et
984 1723 1090 1760 idem
1125 1722 1220 1759 dicit
1254 1722 1293 1758 in
1318 1724 1375 1759 De
1399 1724 1504 1759 Casu
1536 1721 1706 1770 Dyaboli
1737 1725 1821 1769 190,

575 1854 600 1873 2.
622 1846 652 1873 in
674 1846 754 1873 nzale
772 1846 932 1873 insertum.
1007 1854 1037 1879 4.
1060 1845 1182 1879 malam]
1205 1845 1293 1873 coast:
1313 1845 1438 1872 malum.

504 1906 597 1938 bona
617 1906 770 1946 faciunt
803 1906 904 1947 (tunc
935 1906 1027 1938 enim
1061 1906 1199 1947 aliquid
1215 1906 1388 1948 faciant),
1421 1915 1551 1937 causas
1584 1906 1714 1937 habent
1746 1906 1823 1948 effi-

504 1953 652 1985 cientes:
685 1953 719 1984 in
747 1956 919 1994 quantum
955 1956 1073 1984 autem
1108 1952 1279 1994 deficiunt
1312 1956 1345 1984 et
1376 1961 1424 1983 ex
1458 1952 1521 1983 hoc
1553 1952 1651 1984 mala
1674 1951 1823 1992 faciunt

506 1999 608 2041 (quid
634 2000 723 2031 enim
752 2004 834 2030 tunc
858 1998 1016 2041 faciunt,
1052 1998 1120 2030 nisi
1150 1999 1260 2039 vana)
1292 2007 1420 2030 causas
1451 1998 1581 2030 habent
1613 1998 1822 2041 deficientes.

507 2046 664 2087 Itemque
688 2045 773 2084 scio,
807 2045 840 2077 in
868 2055 962 2087 quo
963 2045 1002 2079 fit
1029 2046 1126 2076 mala
1155 2045 1331 2080 voluntas
1364 2044 1402 2075 id
1428 2045 1462 2076 in
1490 2054 1529 2076 eo
1546 2045 1646 2086 fieri,
1672 2045 1766 2086 quod
1792 2045 1822 2076 si

506 2092 624 2131 nollet,
646 2101 714 2124 non
726 2092 880 2134 βειεΐς.
930 2091 1138 2133 ‚Deficitur
1155 2091 1247 2123 enim
1268 2101 1337 2123 non
1356 2091 1407 2122 ad
1429 2092 1537 2130 mala,
1556 2091 1618 2123 sed
1637 2092 1751 2123 male.

505 2143 610 2179 etqsq.
697 2147 751 2169 20.
769 2138 826 2191 Cf.
846 2138 948 2168 Arist.
968 2136 1120 2178 Metaph.
1138 2137 1184 2168 IV
1199 2148 1257 2183 11,
1277 2141 1296 2166 ἐ)
1316 2137 1398 2175 (Ed.
1418 2137 1501 2169 Par.
1523 2137 1661 2176 11523,
1681 2138 1723 2168 41
1739 2138 1824 2180 sq.).·

503 2182 636 2215 Καίτοι
667 2182 732 2216 οὐκ
764 2180 944 2226 ἐνδέχεται
974 2179 1148 2225 μουσικὸν
1181 2163 1272 2214 εἶναι
1303 2180 1351 2225 μὴ
1385 2181 1489 2220 ὄντος
1514 2185 1688 2225 μουσικοῦ
1714 2182 1822 2221 τινός.

504 2231 553 2262 Et
579 2231 689 2262 eiUsd.
717 2231 792 2262 Nat.
819 2231 924 2261 Ausc.
951 2230 1022 2262 153
1051 2230 1132 2271 (Ed.
1155 2230 1240 2261 Par.
1263 2230 1298 2261 II
1316 2231 1396 2269 254,
1417 2232 1456 2261 21
1474 2234 1553 2271 ss):
1580 2228 1673 2261 Ἀλλὰ
1698 2227 1824 2261 λευκὸν

504 2275 569 2318 μὲν
601 2275 736 2317 γίνεται
767 2273 806 2315 ἐξ
838 2274 880 2308 οὐ
911 2277 947 2308 λε
951 2278 1050 2318 υκοῢ,
1087 2274 1147 2307 καὶ
1178 2275 1310 2308 τούτου
1342 2273 1407 2307 οὐκ
1439 2271 1477 2307 ἐκ
1509 2275 1655 2317 παντός,
1688 2274 1760 2307 ἀλλ’
1785 2273 1823 2308 ἐκ

504 2322 656 2377 μέλανος
693 2319 714 2364 ἢ
753 2325 827 2354 τῶν
863 2320 1009 2363 μεταξύ,
1046 2320 1106 2353 καὶ
1143 2318 1316 2364 μουσικὸν
1353 2320 1418 2354 οὐκ
1456 2318 1494 2361 ἐξ
1524 2324 1700 2376 μουσικοῦ
1732 2320 1823 2364 πλην

504 2367 570 2401 οὐκ
601 2365 639 2400 ἐκ
670 2366 818 2410 παντός,
855 2367 927 2400 ἀλλ’
959 2365 997 2407 ἐξ
1038 2367 1202 2410 ἀμούσου
1240 2380 1261 2410 η
1300 2367 1366 2400 εἰη
1404 2366 1527 2400 αὐτῶν
1564 2364 1639 2400 ἐστι
1676 2367 1820 2411 μεταξύ.

506 2426 560 2456 24.
590 2416 642 2458 Cf.
670 2416 825 2447 Anselm.
852 2416 903 2447 De
930 2415 1128 2446 Concordia
1154 2415 1406 2446 Praescicntiae
1433 2422 1465 2446 ct
1492 2415 1821 2446 Praedestinationis

503 2462 577 2493 XIII
605 2462 742 2503 (XVIII)
770 2463 914 2505 (Migne
943 2461 1097 2494 CLVIII
1122 2463 1229 2502 539J:
1261 2462 1341 2493 Hoc
1374 2462 1490 2504 igitur
1523 2462 1627 2493 modo
1655 2462 1821 2494 voluntas

506 2508 779 2541 instrumentum
815 2512 940 2540 creata
974 2508 1077 2547 bona,
1112 2508 1147 2540 in
1182 2513 1353 2550 quantum
1387 2508 1492 2540 habet
1523 2517 1596 2540 esse
1615 2531 1731 2539 .....
1752 2517 1821 2550 per

505 2555 654 2586 liberum
683 2554 871 2586 arbitrium
891 2556 1002 2597 facta
1030 2559 1081 2586 est
1108 2555 1216 2593 mala,
1245 2564 1312 2586 non
1340 2555 1374 2586 in
1404 2559 1573 2596 quantum
1601 2559 1663 2592 est,
1695 2554 1758 2586 sed
1784 2554 1818 2586 in

506 2605 676 2643 quantum
704 2601 838 2632 iniusta
853 2601 962 2641 facta
989 2604 1042 2632 est
1068 2601 1117 2631 ad
1142 2600 1325 2632 volendum
1353 2600 1532 2632 iusticiam
1561 2600 1737 2633 desertam
1759 2623 1767 2631 .
1787 2623 1794 2631 .
1814 2624 1822 2631 .

507 2646 560 2678 26.
589 2648 642 2689 Cf.
662 2647 818 2678 Anselm.
845 2647 894 2677 De
922 2647 1014 2677 Casu
1040 2647 1175 2677 Diaboli
1200 2657 1238 2690 19
1265 2647 1396 2688 (Migne
1418 2646 1572 2678 CLVIII
1588 2647 1692 2687 351):
1721 2646 1821 2679 Unde

505 2694 664 2735 sequitur
701 2694 836 2725 nullam
877 2693 1095 2725 voluntatem
1134 2702 1207 2725 esse
1247 2694 1380 2724 malum
1403 2717 1410 2724 .
1430 2717 1437 2724 .
1457 2717 1463 2724 .
1485 2716 1492 2723 .
1526 2702 1587 2725 nec
1619 2692 1718 2724 aliud
1748 2702 1822 2725 esse

506 2740 649 2778 malum,
682 2750 788 2782 quam
823 2739 1008 2772 absentiae
1040 2739 1202 2771 iusticiae
1235 2739 1428 2771 derelictae
1460 2739 1494 2770 in
1529 2739 1724 2778 voluntate,
1758 2743 1821 2770 aut

505 2786 537 2817 in
566 2785 686 2828 aliqua
715 2796 752 2818 re
772 2789 926 2828 propter
953 2786 1085 2816 malam
1114 2786 1345 2817 voluntatem.
