2056 3234
218 178 306 206 CAP.
329 179 437 206 xvffl.
554 181 612 212 DE
640 181 763 213 ΕΝΤΕ
791 182 1210 213 PREDICAMENTALJ.
1742 176 1813 222 173

80 289 194 321 Ρ.ἳῖπί
217 299 305 322 cum
351 299 444 334 ergo
477 286 517 323 in
550 296 642 323 actu
682 288 781 324 falso
822 283 827 340 Ι
869 296 936 324 aut
976 287 1203 324 declinante
1236 300 1257 323 a
1291 287 1529 324 rectitudine

214 343 366 389 vixerit,
401 353 585 392 patenter
618 345 823 382 mentitur.
857 346 949 381 Ideo
984 344 1079 380 dicit
1102 345 1284 381 Salvator
1317 346 1365 381 de
1398 345 1529 393 primo

215 403 357 449 angelo
391 411 603 450 peccatore
625 404 683 439 Jo.
709 403 769 448 80,
804 403 911 450 quod
944 402 1028 450 ipse
1062 404 1233 439 mendax
1267 411 1323 438 est
1357 411 1393 439 et
1417 412 1530 450 pater

214 460 275 496 vel
307 460 420 507 origo
454 460 658 496 mendacis
691 460 927 508 simpliciter
959 460 998 495 in
1032 460 1251 496 communi.

182 519 197 549 5
272 518 442 553 Mendax
480 527 614 554 autem
654 518 889 566 simpliciter
926 530 1008 554 non
1041 526 1098 554 est
1136 517 1210 554 nisi
1252 517 1526 559 mendacium:
1561 525 1627 565 The
1650 528 1808 565 sourceof

217 587 304 611 cum
331 587 424 622 ergo
455 576 627 623 dyabolo
661 575 945 624 appropriatur
979 576 1234 611 mendacium
1258 584 1294 612 et
1316 585 1526 623 peccatum
1544 561 1818 623 Ῐῇνῇξηέξῗξξζζᾎῖ

216 644 260 668 ex
292 632 495 669 sentencia
529 632 763 679 Salvatoris,
798 633 928 681 querit
961 634 1172 669 Anselmus
1206 633 1376 670 sollicite
1410 633 1448 669 in
1472 635 1528 669 De
1572 638 1643 656 casu
1664 630 1789 657 diaboli.

217 702 310 726 casu
335 690 518 738 Dyaboli,
549 692 756 739 quomodo
789 690 964 739 primum
999 700 1208 738 peccatum
1243 704 1357 727 suum
1393 700 1526 727 ortum

216 747 418 793 habuerit3
453 757 489 784 et
514 761 602 785 cum
628 749 821 796 dyabolus
844 761 924 784 non
954 748 1077 796 possit
1111 748 1235 785 ociari
1260 761 1281 785 a
1303 748 1527 795 volucione,

161 815 306 842 locum
345 818 427 842 non
465 805 514 841 sit
554 815 697 842 natura
742 806 995 854 passionibus
1040 806 1248 854 impedita,
1294 816 1330 843 et
1370 815 1528 854 oportet

215 863 346 911 primo
390 876 474 900 esse
512 863 791 912 obliquitatem
826 863 866 900 in
899 863 1082 911 potencia
1122 864 1312 910 volutiva,
1359 873 1416 900 est
1455 864 1528 900 sibi
1600 871 1667 911 The
1687 872 1765 900 devii

216 921 484 966 manifestum,
519 923 627 970 quod
666 921 818 969 primus
853 922 1027 958 defectus
1059 921 1131 958 fuit
1165 921 1205 957 in
1238 921 1386 958 actuali
1418 923 1529 958 volu-
1552 906 1672 933 (³⁰3¹er
1694 916 1709 934 ³
1730 908 1809 941 g⁰⁰d

1585 946 1636 968 not
1659 942 1782 969 oranted

215 979 346 1022 cione3
382 988 417 1014 et
451 991 540 1015 cum
573 978 697 1015 nichil
730 987 861 1026 potest
891 980 1003 1024 velle,
1037 979 1111 1015 nisi
1145 979 1291 1015 iustum
1326 980 1385 1016 vel
1417 979 1526 1025 utile,
1569 976 1631 1002 ¹¹³⁰]
1654 962 1792 1015 EyGod,

216 1037 281 1072 sed
330 1036 453 1072 nichil
498 1046 636 1084 peccat
683 1038 855 1073 volendo
895 1036 1110 1083 iusticiam,
1156 1045 1264 1085 patet
1308 1037 1381 1073 sibi
1420 1039 1527 1085 quod
1560 1011 1807 1084 ἶξῖἒςίἶῖιῗεέξῑδοιῖἓ

163 1093 199 1126 15
216 1095 409 1141 dyabolus
448 1094 580 1142 primo
618 1094 798 1142 peccavit
830 1095 1001 1131 volendo
1034 1094 1108 1130 sibi
1142 1096 1291 1131 bonum
1326 1095 1436 1131 utile.
1483 1097 1530 1131 Et
1590 1081 1773 1107 mmmmm&

215 1153 334 1197 ultra,
379 1164 468 1187 cum
509 1165 590 1188 non
634 1152 779 1189 iniuste
816 1153 947 1199 vellet,
993 1151 1023 1188 si
1063 1153 1192 1189 solum
1240 1154 1388 1189 bonum
1434 1152 1530 1189 utile

215 1209 288 1245 sibi
335 1210 472 1245 datum
508 1223 529 1246 a
563 1211 646 1246 Deo
690 1211 819 1256 vellet,
870 1223 960 1247 cum
994 1210 1143 1246 iustum
1190 1210 1239 1246 sit
1285 1223 1404 1246 omne
1450 1211 1529 1247 tale

214 1267 327 1312 velle,
362 1276 472 1315 patet
506 1280 613 1315 ergo,
647 1269 754 1315 quod
778 1268 903 1305 voluit
935 1267 1090 1316 aliquid
1123 1270 1272 1304 bonum
1307 1268 1416 1314 utile,
1450 1281 1531 1304 non

215 1333 310 1360 tunc
344 1324 525 1363 habitum
561 1326 610 1361 ab
644 1327 799 1372 eodem,
847 1334 883 1361 et
916 1338 986 1374 per
1019 1338 1268 1374 consequens
1302 1325 1529 1362 inordinate

161 1383 386 1418 20volendo
440 1384 714 1424 commodum,
768 1385 876 1431 quod
921 1385 1099 1420 nondum
1146 1383 1298 1427 habuit,
1354 1384 1528 1420 extendit
1548 1390 1693 1429 Tliusiie
1715 1395 1818 1429 settup

217 1439 437 1488 appetitum
463 1449 571 1477 extra
603 1441 818 1488 iusticiam,
852 1442 1023 1477 volendo
1056 1449 1098 1477 ut
1127 1454 1208 1477 non
1242 1441 1392 1478 debuit.
1426 1443 1525 1478 Cum
1549 1427 1596 1452 ΜΞ
1618 1426 1819 1487 Ὴὲἀῗὲῗίῃςῒ

218 1510 311 1545 ergo
348 1498 473 1534 voluit
513 1499 685 1546 qualiter
719 1501 824 1535 Deus
856 1511 937 1535 non
968 1499 1095 1535 voluit
1128 1511 1217 1535 eum
1251 1500 1362 1544 velle,
1402 1499 1527 1536 voluit

217 1554 411 1603 implicite
454 1556 703 1593 voluntatem
749 1556 955 1605 propriam
1001 1570 1081 1592 non
1127 1556 1239 1605 sequi
1290 1557 1350 1593 vel
1401 1557 1527 1593 subici

216 1613 412 1661 superiori
444 1614 653 1661 voluntati,
687 1616 795 1662 quod
829 1627 918 1651 cum
952 1614 1161 1662 proprium
1195 1614 1244 1651 sit
1274 1617 1371 1661 Deo,
1404 1614 1530 1652 voluit

160 1671 408 1719 25implicite
452 1671 619 1708 similari
660 1674 756 1718 Deo,
801 1685 894 1720 ymo
937 1672 1063 1708 voluit
1108 1673 1413 1720 quodammodo
1458 1673 1531 1708 im-

216 1728 350 1776 plicite
384 1741 467 1765 esse
505 1730 646 1765 melior
665 1732 761 1776 Deo,
795 1731 966 1766 volendo
990 1730 1101 1776 illud,
1136 1732 1244 1778 quod
1269 1732 1374 1766 Deus
1398 1730 1530 1778 ipsum

217 1788 363 1823 habere
396 1787 538 1833 noluit,
573 1799 645 1823 nec
680 1789 845 1823 modum
879 1788 1038 1824 volendi
1073 1788 1264 1834 causavit,
1299 1797 1335 1824 et
1369 1788 1424 1824 sic
1457 1788 1531 1823 im-

215 1844 350 1892 plicite
394 1844 520 1880 voluit
565 1846 813 1881 voluntatem
849 1845 920 1882 Dei
966 1847 1217 1881 retrocedere
1261 1858 1388 1882 suam.
1439 1847 1531 1882 Ideo

217 1902 412 1947 Salvator,
453 1902 663 1950 increpans
698 1905 872 1949 Petrum,
912 1903 1113 1939 volentem
1154 1912 1233 1939 tam
1281 1904 1530 1940 salutiferam

161 1960 201 1991 30
218 1969 388 2004 mentem
416 1959 563 1996 Christi
597 1973 678 1996 non
712 1973 809 2007 esse,
845 1960 958 2008 quasi
993 1960 1194 1997 contrarie
1228 1961 1529 2007 auctorizando,

217 2017 368 2053 audivit
421 2018 778 2065 exprobracionem
835 2018 1110 2055 acutissimam
1166 2019 1335 2055 dictam:
1391 2020 1530 2055 “Vade

218 2084 337 2120 retro,
372 2076 593 2121 Sathana'',
629 2089 708 2123 qua
741 2076 980 2112 informatus
1015 2085 1072 2112 est
1105 2077 1362 2113 conformare
1393 2077 1531 2113 volun-

216 2141 340 2168 tatem
374 2146 485 2169 suam
520 2133 717 2170 voluntati
751 2133 836 2180 Dei,
877 2143 920 2169 ut
954 2142 1060 2170 recte
1092 2134 1335 2181 precedenti,
1382 2143 1418 2170 et
1450 2147 1531 2170 non

220 2192 337 2226 modo
383 2192 585 2227 Sathanae
635 2191 904 2239 superbiendo
951 2192 1049 2227 velle
1095 2193 1292 2228 recedere.
1347 2194 1401 2227 Ex
1445 2191 1530 2228 istis

161 2247 199 2281 35
218 2248 419 2284 concludit
453 2249 677 2294 Anselmus,
725 2250 831 2297 quod
867 2249 1059 2296 dyabolus
1093 2249 1215 2296 gratis
1249 2249 1385 2285 amisit
1419 2250 1530 2295 velle,

202 2307 324 2353 >quod
359 2306 496 2341 debuit
530 2306 729 2352 habuisse,
764 2315 800 2342 et
834 2306 888 2342 sic
923 2306 1023 2342 iuste
1057 2306 1190 2342 amisit
1224 2306 1263 2342 in
1291 2307 1529 2353 volenciam,

218 2376 338 2411 quam
385 2365 571 2409 habebat,
626 2364 770 2400 iniuste
815 2365 998 2408 volendo,
1054 2366 1159 2412 quod
1209 2377 1289 2400 non
1338 2366 1529 2409 habebam

218 2429 344 2456 totam
398 2421 511 2457 istam
567 2421 813 2457 sentenciam
861 2421 1035 2457 inculcat
1080 2421 1256 2469 capitulo
1303 2431 1448 2470 quarto
1494 2431 1530 2457 et

218 2487 326 2526 post;
373 2488 409 2514 et
442 2478 481 2514 in
515 2479 591 2515 fine
625 2479 788 2527 capituli
823 2479 956 2526 quarti
990 2479 1134 2526 querit,
1180 2480 1288 2527 quod
1321 2479 1393 2515 fuit
1433 2479 1531 2515 illud

287 2610 332 2639 30.
354 2613 583 2646 auctorizando]
605 2614 670 2640 cod.
683 2623 692 2640 :
712 2603 839 2640 affri0110.
913 2612 956 2641 35.
979 2612 1053 2640 Cod.
1067 2623 1076 2640 .·
1096 2604 1199 2641 affiisit
1219 2616 1248 2640 et
1266 2614 1310 2640 sic
1326 2616 1447 2648 postea.

291 2696 319 2728 3.
346 2695 402 2728 JO.
432 2697 466 2732 8,
493 2696 552 2728 44.
695 2695 727 2727 8.
762 2696 814 2737 Cf.
842 2696 998 2727 Anselm.
1024 2696 1075 2728 De
1102 2707 1183 2728 casu
1210 2696 1357 2736 Diaboli,
1385 2707 1458 2738 cap.
1485 2696 1530 2728 lV

220 2741 355 2784 (Migne
385 2741 541 2773 CLVIII
574 2743 808 2782 332-333):
850 2741 1033 2780 Quomodo
1070 2743 1124 2775 ille
1154 2743 1320 2785 peccavit
1357 2748 1390 2775 et
1422 2743 1531 2774 voluit

190 2810 194 2812 >
219 2787 345 2819 similis
370 2797 444 2820 esse
470 2787 558 2820 Deo.
657 2789 710 2820 32.
737 2788 853 2820 Math.
883 2790 917 2827 8,
945 2790 1006 2820 33.
