2056 3234
961 198 1183 229 JOHANNIS
1209 197 1375 228 WICLIF
1655 196 1745 222 CAP.
1766 195 1832 223 VII.

525 305 701 353 capitulo
743 308 823 339 120.
877 305 989 340 Unde
1029 303 1205 351 capitulo
1245 313 1389 351 quarto
1430 304 1546 339 dicit:
1591 306 1832 354 „Propterea

524 375 605 398 non
639 375 684 398 eo
718 364 897 403 verbum,
932 374 1010 409 quo
1035 361 1250 408 sapiencia,
1286 361 1379 409 quia
1402 362 1567 397 verbum
1600 374 1682 397 non
1712 363 1761 398 ad
1794 374 1834 398 se

526 420 685 469 dicitur,
719 421 787 456 sed
810 428 966 455 tantum
992 419 1154 455 relative
1184 420 1232 454 ad
1266 419 1394 464 illum,
1429 418 1541 455 cuius
1575 429 1631 455 est
1653 420 1833 456 verbum.

525 477 736 525 Sapiencia
775 489 869 513 vero
912 489 973 522 eo,
1018 477 1126 524 quod
1167 477 1381 514 essencia.''
1431 478 1543 513 Unde
1576 477 1757 525 sequitur
1796 477 1835 512 in

525 536 603 572 fine
636 534 821 583 capituli:
862 536 973 581 „Non
1007 535 1079 570 hec
1113 543 1169 570 est
1194 536 1277 570 Deo
1312 534 1500 580 essencia,
1535 536 1642 582 quod
1670 536 1868 571 verburn5

525 595 575 629 ad
609 593 735 629 filiurn
770 593 895 638 esse‚’⁷
931 591 1024 639 quia
1056 591 1157 628 sicut
1190 591 1367 639 capitulo
1401 601 1542 627 octavo
1576 592 1724 639 arguit:
1770 592 1835 639 „Si

525 651 633 687 aliud
680 659 737 686 est
770 652 853 686 Deo
895 662 977 685 esse
1011 658 1048 685 et
1087 649 1195 685 aliud
1229 649 1456 694 subsistere,
1503 649 1605 685 sicut
1638 649 1745 686 aliud
1779 659 1836 686 est

528 711 611 744 Deo
646 720 728 744 esse
770 717 805 744 et
839 707 948 744 aliud
988 719 1071 743 esse
1104 716 1259 754 patrem
1292 708 1352 743 vel
1387 707 1613 753 dominum,
1655 736 1834 745 .....

659 796 666 802 .
701 766 781 802 iam
828 765 1058 801 substancia
1097 778 1176 800 non
1218 764 1291 800 erit
1324 764 1566 811 substancia,
1612 765 1705 813 quia
1738 766 1837 801 rela-

526 824 650 859 tivum
692 823 806 859 erit.''
854 825 902 859 Et
942 822 1123 870 sequitur
1163 822 1203 857 in
1244 822 1322 858 fine
1362 822 1544 870 capituli:
1584 823 1895 868 „Absurdumio

527 890 585 918 est
618 890 768 928 autem,
802 890 844 916 ut
878 880 1108 916 substancia
1141 880 1305 916 relative
1339 880 1535 917 dicatur'⁷.
1571 882 1685 917 Unde
1718 893 1838 928 super

525 940 622 975 illud
646 938 795 975 Psalmi
831 934 893 975 685
933 940 1045 984 „Non
1080 947 1137 973 est
1168 938 1422 974 substancia''
1459 938 1556 974 dicit
1577 938 1836 985 Augustinus,

526 998 633 1060 quod
673 1009 756 1033 esse
796 1005 951 1044 patrem
991 1008 1071 1031 non
1111 1005 1166 1031 est
1207 1008 1289 1031 esse
1323 995 1433 1043 quid,
1479 997 1547 1031 sed
1587 997 1636 1032 ad
1670 996 1836 1044 aliquid,

526 1055 619 1103 quia
653 1067 713 1102 eo,
758 1056 866 1103 quod
901 1056 1006 1090 Deus
1047 1062 1115 1099 est,
1162 1053 1392 1089 substancia
1439 1062 1508 1098 est⁷
1554 1055 1622 1090 sed
1655 1066 1736 1090 non
1776 1066 1836 1100 ΕΟ,

527 1115 635 1161 quod
668 1121 781 1160 pater
815 1121 885 1156 est,
919 1083 1148 1148 substancia
1182 1120 1252 1147 est.
1286 1114 1334 1147 Et
1368 1111 1629 1148 conformiter
1660 1111 1893 1159 quuitur15

526 1172 737 1207 Anselmus
761 1171 800 1206 in
825 1172 880 1206 De
906 1172 1097 1205 Processu
1123 1169 1294 1216 Spiritus
1310 1160 1453 1205 Sancti
1485 1169 1660 1217 capitulo
1691 1169 1835 1217 primo.

526 1231 615 1265 Non
649 1229 754 1265 enin]
788 1228 892 1264 idern
929 1236 986 1263 est
1019 1239 1101 1263 esse
1136 1229 1277 1272 Deum,
1319 1228 1427 1275 quod
1461 1239 1544 1263 esse
1579 1236 1735 1274 patrem
1769 1236 1838 1263 aut

525 1287 666 1323 filiurn.
700 1285 905 1332 Quotlibet
932 1294 1065 1321 autem
1098 1294 1189 1320 sunt
1212 1257 1307 1321 talia
1340 1285 1445 1321 dicta
1474 1286 1689 1321 doctorum
1726 1298 1838 1322 sanc-

518 1473 688 1511 penetrat
723 1468 855 1500 munda
883 1473 916 1500 et
941 1467 1114 1499 inmunda
1146 1468 1221 1499 sine
1252 1469 1306 1499 sui
1334 1468 1544 1509 pollutione.
1588 1468 1628 1499 Si
1655 1469 1743 1500 enim
1773 1470 1840 1500 lux

525 1517 593 1547 ista
621 1515 763 1547 visibilis
790 1515 908 1547 omnia
937 1515 1012 1546 loca
1041 1515 1212 1552 illustrat,
1239 1518 1273 1546 et
1298 1514 1508 1555 sterquilina
1534 1514 1641 1546 etiam
1670 1519 1840 1556 penetrat

525 1562 599 1594 sine
616 1563 738 1603 fetore
764 1565 798 1594 et
822 1561 897 1592 sine
922 1561 976 1592 sui
999 1560 1217 1602 pollutione;
1249 1565 1380 1603 quanto
1416 1560 1536 1603 magis
1564 1560 1670 1599 Deus,
1703 1562 1762 1602 qui
1788 1566 1839 1593 est

525 1607 710 1639 invisibilis
728 1612 761 1639 et
780 1606 1076 1638 incommutabilis
1094 1607 1169 1645 lux
1197 1607 1316 1638 onznia
1338 1611 1520 1648 penetrat,
1549 1608 1650 1648 regit,
1677 1608 1838 1648 sustinet,

524 1654 738 1693 cit-,cumdat
777 1654 945 1692 illustrat,
984 1654 1059 1685 sine
1097 1653 1164 1684 ulla
1210 1654 1405 1685 mutatione
1448 1655 1500 1685 vel
1536 1632 1756 1695 pollutione.

528 1701 580 1743 Cf.
613 1701 703 1741 Aug.
729 1678 779 1731 be
807 1700 953 1730 Civitate
978 1699 1041 1730 Dei
1076 1699 1118 1729 XI
1150 1709 1188 1729 10
1221 1700 1303 1752 (non
1338 1699 1390 1739 12)
1423 1709 1432 1729 1
1465 1699 1597 1741 (Migne
1623 1700 1756 1732 YLIo
1745 1700 1838 1741 ⁰)5).

639 1751 703 1778 aut
736 1756 818 1778 vero
851 1746 928 1778 sola
962 1750 1014 1777 est
1047 1746 1113 1778 ista
1148 1746 1300 1777 nominis
1332 1745 1488 1777 Trinitas
1514 1746 1589 1777 sine
1614 1746 1837 1778 subsistentia

517 1802 770 1835 peisorzarmn,
809 1793 897 1824 sicut
936 1792 1132 1824 Sabelliani
1169 1792 1342 1823 haeretici
1377 1796 1616 1833 putaverunt;
1659 1793 1720 1824 sed
1760 1793 1837 1825 ideo

523 1840 677 1880 simplex
714 1839 856 1878 dicitur,
896 1838 1061 1880 quoniam
1102 1838 1193 1879 quod
1225 1838 1340 1877 habet,
1378 1838 1441 1869 lzoc
1473 1843 1533 1878 est,
1566 1843 1715 1880 excepto
1747 1839 1839 1881 quod

526 1884 674 1917 relative
706 1894 860 1926 quaeque
888 1894 1044 1925 persona
1078 1885 1128 1916 acl
1159 1885 1313 1915 alteram
1348 1884 1492 1916 (licitur.
1605 1895 1631 1915 1.
1668 1885 1722 1926 Cf.
1748 1887 1837 1927 Aug.

525 1932 575 1962 De
601 1931 769 1962 Trinitate
787 1931 846 1962 VII
876 1941 892 1961 2
921 1930 1057 1974 (Migne
1085 1930 1173 1963 XLI
1196 1931 1295 1971 936).
1401 1929 1429 1961 5.
1459 1931 1512 1971 Cf.
1541 1931 1627 1962 Ibid.
1646 1931 1705 1962 VII
1734 1941 1750 1962 2
1770 1932 1837 1973 fin.

524 1977 555 2009 6.
586 1977 637 2019 Cf.
659 1977 738 2009 ibid.
755 1977 812 2008 VII
831 1987 853 2017 4
872 1978 949 2017 (col.
970 1978 1068 2015 942).
1180 1986 1230 2007 1o.
1260 1977 1313 2018 Cf.
1339 1977 1421 2008 ibid.
1438 1977 1496 2007 VII
1515 1986 1537 2016 4
1555 1977 1621 2019 fin.
1641 1978 1720 2017 (col.
1739 1978 1825 2019 942)

523 2023 723 2055 Absurdum
744 2047 859 2054 .....
879 2023 1041 2054 dicatur:
1068 2024 1182 2055 omnis
1209 2023 1298 2054 enim
1327 2032 1381 2055 res
1408 2023 1455 2053 ad
1475 2033 1511 2055 se
1530 2023 1642 2064 ipsam
1662 2024 1837 2062 subsistit,-

523 2074 654 2110 quanto
688 2070 803 2111 magis
831 2069 956 2101 Densi>
1095 2080 1144 2100 12.
1181 2069 1233 2111 Cf.
1268 2070 1357 2110 Aug.
1390 2069 1509 2100 Enarr.
1543 2069 1577 2100 in
1604 2069 1659 2101 Ps.
1689 2070 1836 2110 LXVIII,

523 2126 625 2147 serm.
652 2116 662 2146 Ι
693 2115 708 2146 5
737 2115 874 2157 (Migne
893 2115 1057 2147 XXXVI
1070 2116 1169 2157 845).
1199 2116 1284 2146 Cum
1305 2119 1422 2146 autem
1436 2119 1547 2156 pater
1564 2120 1627 2153 est,
1654 2126 1721 2147 non
1749 2117 1839 2148 illud

522 2166 583 2200 est,
609 2162 701 2203 quod
727 2167 789 2194 est.
817 2163 928 2193 Pater
953 2163 1044 2194 enim
1073 2173 1141 2194 non
1168 2162 1216 2193 aa'
1241 2171 1288 2200 se,
1315 2161 1377 2193 sed
1403 2162 1452 2192 ad
1469 2162 1588 2203 filium
1616 2162 1762 2193 dicitur:
1790 2163 1837 2194 ad

521 2218 556 2240 se
581 2212 699 2239 autem
729 2208 823 2240 Deus
854 2208 995 2239 dicitur.
1025 2208 1147 2248 Itaque
1173 2218 1223 2246 eo,
1250 2207 1343 2249 quod
1364 2208 1460 2239 Deus
1486 2212 1548 2246 est,
1574 2209 1636 2240 lzoc
1661 2208 1735 2249 ipso
1761 2210 1837 2240 sub-

522 2254 656 2285 stantia
689 2258 751 2286 est.
899 2253 948 2285 16.
988 2254 1039 2295 Cs.
1068 2255 1222 2285 Anselrni
1251 2254 1507 2284 Cantuariensis
1533 2254 1583 2285 De
1610 2254 1836 2286 processione

522 2301 667 2341 Spiritus
701 2300 815 2331 Sancti
849 2307 966 2331 contra
1003 2301 1152 2331 Graecos
1188 2300 1262 2331 Lib.
1296 2310 1323 2331 c.
1350 2301 1361 2330 I
1396 2299 1533 2341 (illigne
1562 2300 1712 2331 CLVIII
1732 2301 1835 2342 25¹7).

577 2370 610 2378 ..
629 2347 731 2378 Haec
748 2348 864 2386 itaque
890 2347 964 2378 sola
991 2356 1097 2378 causa
1121 2347 1349 2388 pluralitatis
1374 2347 1407 2377 in
1428 2345 1518 2385 Deo,
1545 2350 1581 2377 ut
1600 2351 1722 2388 pater,
1741 2348 1835 2388 filius

521 2397 555 2424 et
580 2393 726 2434 spiritus
752 2396 897 2424 sanctus
922 2392 991 2424 dici
1016 2403 1084 2424 non
1107 2393 1245 2434 possint
1271 2393 1314 2425 de
1340 2393 1499 2431 invicem,
1525 2392 1586 2424 sed
1611 2393 1674 2424 alii
1697 2393 1767 2424 sint
1792 2394 1835 2425 ab

522 2439 679 2476 invicem,
706 2439 786 2479 quia
808 2439 1010 2480 praedictis
1037 2439 1171 2470 duobus
1198 2439 1312 2471 modis
1339 2442 1389 2469 est
1419 2438 1514 2469 Deus
1541 2438 1583 2469 de
1612 2439 1696 2471 Deo.
1730 2439 1836 2481 Quod

521 2489 632 2516 totum
665 2485 735 2516 dici
763 2489 882 2525 potest
916 2485 1060 2516 relatio:
1092 2495 1187 2524 nam,
1220 2486 1388 2527 quoniam
1414 2483 1513 2525 filius
1539 2485 1665 2516 existit
1689 2486 1732 2517 de
1761 2486 1834 2518 Deo

521 2531 699 2562 nascendo
724 2535 758 2562 et
787 2531 941 2572 Spiritus
967 2535 1109 2563 sanctus
1129 2531 1371 2572 procedendo,
1404 2531 1481 2571 ipsa
1508 2530 1718 2563 diversitate
1744 2534 1834 2564 nati-

520 2577 639 2608 vitatis
666 2581 700 2608 et
720 2578 957 2618 processionis
992 2579 1195 2618 referuntur
1222 2578 1270 2609 ad
1296 2578 1451 2615 invicem,
1485 2581 1523 2607 ut
1554 2577 1686 2609 diversi
1711 2582 1745 2610 et
1769 2578 1834 2610 alii

520 2624 562 2653 ab
590 2623 748 2654 invicem.
780 2623 822 2653 Et
842 2623 983 2665 quando
1002 2624 1202 2656 substantia
1221 2625 1326 2656 habet
1345 2632 1416 2654 esse
1435 2622 1477 2654 de
1503 2623 1715 2662 substantia,
1741 2624 1834 2656 duae

511 2668 610 2711 fiunt
642 2669 689 2700 ibi
721 2669 912 2701 relationes
944 2670 1172 2707 insociabiles,
1204 2670 1234 2701 si
1265 2668 1457 2701 secundum
1492 2668 1572 2700 illas
1604 2670 1747 2701 nomina
1768 2680 1834 2711 po-

521 2719 654 2746 nantur
684 2716 926 2747 substantiae:
964 2726 1042 2747 cum
1070 2717 1161 2748 enim
1189 2715 1293 2748 homo
1319 2719 1380 2754 est⁷
1412 2714 1588 2756 gignendo
1621 2716 1664 2747 de
1694 2717 1833 2748 homine

520 2761 649 2792 dicitur
679 2762 795 2800 lzomo,
828 2762 871 2793 de
901 2772 968 2804 quo
1002 2767 1053 2795 est
1084 2763 1199 2801 homo,
1232 2766 1355 2804 pater,
1393 2765 1425 2792 et
1463 2760 1579 2800 homo,
1617 2761 1677 2804 qui
1707 2767 1757 2794 est
1790 2762 1833 2795 de

518 2807 667 2844 homine,
685 2808 797 2848 filius.
