2056 3234
274 215 320 248 14

309 1195 377 1223 The
397 1192 492 1221 entire

292 1228 454 1258 multitude
474 1226 508 1253 of

288 1264 516 1302 predicaments

269 1309 324 1329 can
346 1300 381 1327 be
402 1294 532 1325 reduced

335 1340 365 1363 to
388 1334 468 1363 God.

992 209 1216 242 JOHANNIS
1241 209 1409 242 WICLIF
1733 204 1821 234 CAP.
1843 207 1864 235 1.

553 327 689 363 genus,
741 315 999 351 reduceretur
1031 316 1082 351 ad
1113 327 1236 363 genus
1268 314 1496 351 substancie
1528 323 1722 363 tanquam
1756 327 1866 351 men-

553 385 702 419 suram,
744 372 854 409 cuius
893 372 1048 420 generis
1088 372 1189 409 foret
1229 372 1413 409 accidens
1457 372 1717 421 principium,
1757 374 1865 421 quod

554 439 611 467 est
651 438 791 467 contra
829 430 949 477 dicta,
1003 442 1093 466 cum
1138 430 1337 478 principia
1382 430 1609 467 substancie
1653 443 1734 466 non
1775 438 1865 466 sunt

553 501 623 536 per
646 500 686 524 se
709 487 749 523 in
773 500 935 536 genere,
971 496 1007 524 et
1041 488 1167 524 multo
1201 487 1327 536 magis
1360 487 1557 536 principia
1589 487 1760 524 aliorum
1783 501 1864 524 non

552 554 645 582 sunt
677 557 748 593 per
779 557 820 582 se
852 545 893 581 in
924 545 1001 581 illis
1034 545 1245 593 generibus
1279 545 1631 582 communicabile.
1671 545 1795 594 Igitur
1827 554 1864 581 et
1884 547 1900 580 5

553 603 936 640 incommunicabile
980 611 1071 640 sunt
1109 602 1237 651 prime
1277 602 1504 639 differencie
1549 603 1664 650 entis,
1705 612 1742 640 et
1785 616 1867 639 non

554 669 841 698 convertuntur
875 673 964 697 cum
998 660 1212 697 universali
1245 669 1282 696 et
1315 660 1521 709 singulari,
1556 673 1645 696 cum
1679 663 1784 697 Deus
1819 661 1868 697 sit

553 727 633 755 tam
684 718 1021 755 communicabile
1061 715 1066 770 Ι
1106 731 1226 767 quam
1275 718 1670 765 incommunicabile,
1715 727 1752 755 et
1795 731 1868 755 nec
1884 723 1922 755 F.
1945 723 2004 766 193

552 777 774 813 universale
818 788 891 813 nec
935 776 1135 824 singulare
1178 778 1398 813 secundum
1442 785 1628 813 naturam
1677 776 1866 813 divinam.

553 835 813 871 Extendendo
846 843 979 871 autem
1013 833 1187 883 speciem
1222 842 1259 871 et
1281 846 1403 882 genus
1436 835 1572 880 modo,
1607 847 1686 883 quo
1716 833 1868 871 dictum
1888 848 1927 869 10

552 901 610 929 est
641 891 837 941 superius,
872 892 1023 929 diceret
1055 891 1213 941 aliquis,
1247 894 1356 940 quod
1378 901 1551 941 punctus
1584 900 1641 928 est
1663 904 1785 940 genus
1818 893 1868 929 ad

551 959 747 998 punctum
781 951 1093 998 supracelestem
1126 958 1163 986 et
1186 950 1519 987 mathematicum
1542 950 1603 987 vel
1626 950 1867 996 naturalem,

554 1017 591 1045 et
623 1008 680 1044 ita
713 1008 881 1056 fingeret
913 1009 960 1044 de
993 1007 1094 1055 aliis,
1129 1016 1165 1044 et
1197 1007 1253 1044 ita
1285 1009 1404 1045 habet
1436 1010 1483 1044 de
1513 1007 1798 1045 conveniencia
1832 1016 1869 1044 et

554 1065 786 1102 differencia
818 1065 976 1102 talium.
1010 1067 1087 1102 Sed
1119 1065 1196 1102 ista
1229 1065 1336 1103 dicta
1368 1075 1459 1102 sunt
1482 1075 1616 1114 preter
1640 1065 1868 1103 considera-

553 1123 708 1160 cionem
741 1123 927 1171 logicam.
1887 1126 1923 1159 15

610 1183 665 1218 Ex
716 1181 802 1217 istis
854 1181 970 1218 facile
1022 1180 1295 1229 perpenditur,
1358 1183 1467 1230 quod
1513 1189 1598 1218 tota
1650 1180 1867 1218 multitudo

553 1239 950 1288 predicamentorum
983 1238 1215 1275 reducibilis
1248 1248 1306 1275 est
1337 1240 1387 1276 ad
1420 1241 1561 1277 Deum.
1596 1241 1698 1275 Nam
1731 1239 1868 1275 omnia

553 1310 696 1334 novem
714 1297 1016 1345 predicamenta
1032 1296 1307 1333 accidencium
1323 1298 1570 1333 reducuntur
1588 1298 1638 1333 ad
1654 1297 1864 1334 cathenam

553 1355 780 1392 substancie
819 1363 862 1391 ut
903 1367 1020 1391 suum
1059 1354 1319 1403 principium,
1362 1363 1398 1391 et
1437 1363 1566 1391 toturn
1605 1367 1729 1403 genus
1775 1356 1867 1391 sub-

552 1413 702 1450 stancie
735 1421 895 1461 oportet
927 1412 1083 1449 causari
1119 1425 1140 1449 a
1176 1413 1351 1461 quadam
1388 1421 1533 1450 natura
1568 1422 1677 1450 extra
1718 1412 1865 1461 ipsum,
1883 1425 1924 1447 20

551 1480 594 1507 ut
626 1479 736 1519 patet
768 1483 822 1507 εκ
845 1470 981 1517 dicti53
1015 1483 1108 1518 ergo
1142 1470 1360 1507 conclusio,

621 1635 660 1656 21.
682 1628 756 1656 Post
768 1628 926 1656 conclusio
941 1628 1058 1664 legitur
1071 1628 1101 1655 in
1117 1628 1222 1655 codice
1240 1631 1313 1655 nota
1333 1627 1489 1656 bohemica
1503 1628 1595 1655 llaec:
1617 1627 1695 1655 Boze
1709 1627 1783 1664 mily
1796 1635 1864 1655 racz

552 1671 702 1699 pomoczy
722 1663 877 1699 dokonaty
898 1664 982 1698 brzo,
1010 1663 1095 1690 cuius
1117 1671 1224 1690 sensus
1249 1666 1312 1690 est:
1337 1666 1418 1690 Deus
1444 1663 1648 1697 dilectissime,
1673 1662 1787 1690 adiuva
1807 1670 1863 1698 me,

551 1701 585 1725 ut
602 1705 692 1734 quam
712 1698 872 1725 celerrime
891 1706 966 1733 opus
980 1698 1150 1733 perficiam.
