2056 3234
156 852 193 872 10

156 1131 191 1162 15

155 2001 196 2032 30

154 2288 192 2321 35

209 211 297 238 CAP.
319 211 370 238 IX·
531 213 588 244 DE
616 212 737 243 ENTE
767 211 1187 242 PREDICAMENTALI.
1759 203 1806 239 85

208 321 299 357 liter
321 319 547 367 significant
571 333 687 367 agere
711 319 946 365 activorum,
982 328 1023 354 ut
1048 318 1270 367 agenciam,
1299 317 1520 364 intelligen-

210 378 311 414 ciam
355 386 450 423 etc.;
497 377 575 414 alia
614 386 747 413 autem
788 376 1044 423 universalia,
1092 376 1322 412 desinencia
1362 376 1401 410 in
1440 376 1520 411 -cio

209 435 438 484 significant
463 435 742 483 principaliter
765 436 897 483 ipsum
923 434 1006 482 pati
1029 435 1090 471 vel
1113 447 1197 470 rem
1220 433 1329 469 verbi
1355 433 1519 480 passivi3

211 494 338 529 multa
371 493 475 529 enirn
509 502 602 529 sunt
627 494 747 529 verba
780 492 1142 540 grammaticaliter
1165 491 1308 536 activa,
1344 503 1420 538 que
1444 490 1520 538 sig-

209 551 374 587 nificant
406 563 467 586 res
501 551 671 586 multum
696 550 923 587 differentes
956 552 1004 586 ab
1039 549 1217 597 agencia,
1251 557 1293 584 ut
1327 557 1436 595 patet
1471 550 1518 584 de

208 608 312 644 istis:
362 608 608 657 qualificare,
656 608 934 656 quantificare,
981 608 1140 654 referre,
1188 607 1340 650 tollere,
1388 607 1521 642 locare

210 668 369 713 durare,
400 666 501 702 scire
526 665 731 714 possidere
755 675 827 703 etc.
863 668 910 701 Et
935 666 1297 713 correspondentes
1321 666 1369 700 de
1391 663 1521 700 verbis

208 724 564 772 grammaticaliter
603 724 783 772 passivis;
824 723 925 763 sicut
966 723 1071 759 enim
1114 724 1234 759 verba
1274 721 1522 758 substantiva

209 782 435 830 significant
475 794 558 817 rem
593 783 640 818 de
679 794 822 829 genere
857 781 1099 826 substancie,
1141 780 1195 816 sic
1229 779 1520 827 cuiuscumque

208 839 363 888 generis
397 839 615 876 accidentis
648 852 709 876 res
743 839 1019 887 significantur
1052 851 1122 886 per
1156 839 1276 874 verba
1310 837 1520 881 adiectiva,

209 906 251 933 ut
283 897 547 946 quantificare
582 906 638 934 est
672 897 910 946 equivocum
945 898 994 933 ad
1029 908 1112 932 esse
1141 896 1201 932 vel
1233 896 1362 931 facere
1397 907 1521 943 quan-

209 965 307 1002 tum,
348 964 385 991 et
418 955 782 1003 p1·oporcionaliter
816 957 863 991 de
897 954 1004 999 aliisg
1048 955 1166 990 modo
1201 965 1285 989 esse
1325 961 1520 1001 quantum

210 1022 267 1049 est
300 1013 519 1062 quantitaS,
554 1013 656 1049 sicut
689 1025 771 1049 esse
805 1013 921 1061 quale
955 1021 1011 1048 est
1045 1011 1233 1060 qualitas.
1269 1013 1350 1059 Ego
1384 1019 1518 1046 autem

210 1071 308 1119 elegi
342 1080 508 1119 propter
547 1071 831 1107 certitudinem
864 1070 1090 1118 significare
1129 1082 1210 1105 rem
1252 1068 1362 1105 verbi
1401 1067 1519 1104 activi

210 1141 280 1177 per
302 1128 542 1165 infinitivum
578 1128 694 1165 activi
716 1129 777 1164 vel
800 1129 959 1165 verbale
989 1129 1234 1164 descendens
1258 1139 1280 1163 a
1303 1125 1518 1175 participio

211 1186 391 1235 preteriti
424 1186 629 1234 temporis,
664 1186 906 1223 terminante
939 1186 979 1221 in
1011 1185 1104 1232 -cia,
1139 1194 1182 1221 ut
1213 1185 1339 1221 leccio
1364 1182 1519 1231 6511631

210 1244 315 1291 lecti,
349 1244 451 1281 sicut
484 1245 614 1292 legere
648 1253 705 1280 est
737 1245 868 1292 legere
903 1243 1083 1292 legentis.

266 1302 409 1339 Tercio
455 1302 652 1350 accipitur
690 1302 802 1339 accio
850 1315 924 1350 pro
964 1310 1106 1349 agente
1150 1301 1436 1347 essencialiter,
1483 1307 1807 1346 et‡{.Acti011isus·ed

210 1360 285 1396 ista
317 1360 565 1409 significacio
600 1370 656 1397 est
688 1360 783 1396 satis
805 1360 961 1396 famosa
997 1360 1104 1407 apud
1133 1355 1136 1411 Ι
1167 1371 1246 1405 eos,
1281 1359 1349 1408 qui
1381 1345 1583 1395 110111111ῘοΓ
1601 1342 1810 1412 Ἦέἒῑῗξῗῃῖω

210 1431 328 1454 omne
361 1418 547 1455 accidens
580 1418 845 1466 respectivurn
880 1430 963 1454 esse
986 1417 1224 1463 subiectum,
1259 1427 1301 1453 ut
1334 1418 1389 1453 sic
1414 1429 1521 1453 com-

212 1486 416 1524 paratum3
452 1485 488 1512 et
512 1476 567 1513 sic
601 1476 780 1524 intelligo
806 1488 891 1524 ego,
927 1476 1266 1524 quandocumque
1291 1475 1380 1511 dico
1405 1487 1522 1522 agen-

213 1534 315 1570 ciam
348 1535 408 1571 vel
447 1534 569 1570 alium
604 1543 831 1582 respectum
871 1546 955 1570 6556
989 1533 1263 1570 essencialiter
1294 1533 1519 1569 subiectum

213 1592 268 1628 sic
300 1605 340 1628 56
374 1593 536 1629 habens.
583 1593 746 1628 Nullum
781 1591 885 1628 enim
927 1591 1112 1628 accidens
1146 1590 1259 1639 ponit
1300 1590 1519 1627 essenciam

214 1649 374 1698 proprie
404 1651 630 1686 absolutam
654 1659 787 1698 preter
811 1649 1100 1695 substanciam,
1136 1658 1172 1685 et
1196 1649 1251 1685 516
1274 1647 1520 1695 intelligendi

180 1710 303 1743 [sunt
337 1717 534 1753 auctores,
576 1709 736 1756 quando
771 1708 909 1744 dicunt
942 1706 1173 1744 accidencia
1215 1706 1448 1743 differencia
1482 1705 1521 1741 in

212 1765 343 1813 specie
377 1778 459 1802 esse
492 1765 598 1802 idem
632 1765 869 1811 subiectum,
913 1765 952 1801 id
986 1774 1043 1802 est
1077 1766 1216 1802 eodem
1251 1764 1431 1801 subiecto
1464 1764 1521 1800 in-

213 1836 309 1869 esse,
343 1833 386 1859 ut
421 1824 553 1860 album
589 1833 625 1860 et
658 1824 869 1862 musicum.

270 1883 425 1925 Quarto
459 1883 581 1918 modo
605 1881 802 1929 accipitur
836 1881 948 1918 accio
974 1881 1237 1918 materialiter
1270 1894 1344 1928 pro
1378 1876 1815 1939 6116610ξὲὼξὶῖῗιῑέθξρῗυῑιῐξῇ

210 1940 270 1975 vel
303 1952 424 1987 opere
456 1941 656 1987 producto
690 1939 856 1987 agencia
889 1939 1107 1987 operantis,
1142 1948 1184 1975 ut
1214 1941 1520 1975 Commentator
1617 1946 1729 1974 action.

213 2002 257 2044 9⁰
282 1997 544 2045 Metaphisice
575 2007 804 2034 commento
840 1998 884 2033 80
920 1997 1027 2043 dicit,
1052 1998 1160 2045 quod
1194 1996 1305 2033 accio
1329 1995 1430 2044 ignis
1464 2005 1520 2032 est

212 2056 320 2091 calor
359 2055 555 2091 maximus
596 2064 632 2091 et
673 2065 806 2091 motus
853 2055 935 2092 eius
976 2057 1026 2091 ad
1066 2054 1269 2103 superius;
1309 2067 1352 2090 ex
1394 2053 1521 2090 tercio

212 2112 461 2149 Phisicorum
493 2118 561 2160 190
587 2112 712 2158 accio,
747 2126 823 2161 que
857 2122 914 2149 est
948 2122 1059 2150 actus
1092 2112 1223 2159 activi,
1260 2121 1317 2148 est
1350 2124 1450 2160 opus
1485 2120 1521 2147 et

214 2170 302 2206 finis
348 2170 444 2207 eius.
502 2173 549 2206 Et
594 2171 782 2207 convenit
832 2171 907 2207 ista
952 2170 1202 2219 significacio
1248 2183 1339 2206 curn
1384 2169 1521 2217 wlgari

211 2230 332 2264 modo
351 2229 561 2277 loquendi3
585 2229 723 2264 volunt
748 2228 852 2265 enim
877 2228 1053 2276 operarii
1075 2229 1287 2265 ostendere
1311 2240 1410 2275 opus
1431 2239 1521 2274 pro-

212 2287 376 2322 ductum
417 2299 487 2322 sua
528 2286 707 2336 agencia,
753 2287 926 2323 dicendo
970 2287 1068 2337 „iste
1109 2295 1165 2323 est
1210 2287 1325 2322 labor
1365 2285 1519 2329 meus'',

210 2343 249 2378 id
285 2353 341 2380 est
375 2344 463 2380 finis
497 2353 564 2381 aut
597 2345 749 2380 fructus
784 2344 947 2380 laboris.

280 2551 332 2582 30.
363 2550 414 2592 Cf.
433 2550 597 2580 Averrois
624 2550 657 2580 in
683 2550 785 2580 Arist.
805 2550 884 2580 Met.
904 2549 946 2579 IX
973 2559 1099 2579 comm.
1126 2549 1316 2579 sectionem
1338 2549 1353 2581 3
1383 2553 1467 2586 (non
1486 2549 1520 2587 8)

211 2596 293 2634 (Ed.
313 2596 422 2627 Arist.
442 2606 521 2637 opp.
536 2595 619 2628 Ven.
640 2596 701 2634 IX,
716 2596 787 2637 fol.
808 2594 918 2635 107⁴).-
947 2595 1111 2627 Calidum
1140 2595 1231 2627 enim
1253 2595 1332 2636 agit
1353 2595 1522 2632 calorem,

210 2646 243 2673 et
269 2652 337 2673 non
365 2643 446 2685 agit
471 2642 622 2673 alterum
651 2642 887 2673 contrarimn.
1025 2642 1077 2674 32·
1107 2641 1159 2683 Cf.
1186 2641 1289 2672 Arist.
1316 2641 1391 2671 Nat.
1418 2641 1522 2671 Ausc.

211 2688 252 2718 111
282 2688 297 2719 3
327 2688 387 2727 (2),
416 2698 432 2718 2
467 2688 550 2726 (Ed.
577 2689 660 2719 Par.
689 2688 728 2718 II
753 2688 839 2725 275,
868 2689 920 2718 38
948 2690 1029 2727 ss.):
1175 2685 1276 2729 ’Έχει
1310 2684 1342 2717 δ’
1367 2684 1524 2728 ἀπορίαν

211 2731 367 2774 λογικήν·
406 2731 601 2774 ἀναγκαῖον
636 2731 702 2775 γὰρ
740 2731 827 2770 ἴσως
859 2727 952 2764 εἶναί
982 2743 1061 2764 τινα
1098 2729 1279 2774 ἐνέργειαν
1315 2731 1422 2772 ἄλλην
1459 2734 1522 2763 τοῦ

212 2781 400 2819 ποιητικοῦ
426 2777 484 2810 καὶ
510 2782 573 2810 τοῦ
600 2779 806 2820 παθητικοῦ
833 2778 871 2809 τὸ
899 2777 963 2819 μὲν
988 2776 1032 2819 δὴ
1051 2777 1203 2820 ποίησις,
1230 2776 1270 2809 τὸ
1289 2776 1327 2809 δὲ
1344 2777 1521 2819 πάθησις·

214 2820 343 2865 ἔργον
368 2823 412 2856 δὲ
438 2823 509 2856 καὶ
536 2824 657 2862 τέλος
683 2827 756 2856 τοῦ
783 2823 860 2866 μὲν
885 2823 1069 2866 ποίημα,
1096 2827 1172 2856 τοῦ
1199 2822 1242 2854 δὲ
1269 2823 1422 2861 πάθος.
