2056 3234
209 190 259 226 92
941 189 1164 220 JOHANNIS
1191 190 1358 220 WJCLIF
1648 186 1736 212 CAP.
1758 184 1808 212 ix.

496 305 637 332 contra
675 295 840 344 gentiles
880 296 1056 343 capitulo
1092 309 1141 343 79
1177 296 1285 341 dicit,
1327 298 1436 344 quod
1469 298 1573 332 Deus
1606 297 1671 332 wlt
1710 309 1806 341 rem,

496 368 571 402 que
603 367 685 390 non
711 364 766 390 est
796 367 911 398 nunc,
950 367 1032 390 esse
1056 356 1275 390 secundum
1301 354 1465 402 aliquod
1488 363 1659 401 tempus,
1694 363 1731 390 et
1754 354 1809 390 sic

493 413 558 448 wlt
584 413 707 448 multa
731 425 826 457 esse,
852 424 927 459 que
950 413 1129 448 nondum
1155 421 1264 458 sunt3
1301 425 1388 448 cum
1414 412 1534 460 igitur
1556 421 1699 448 natura
1732 426 1811 449 una

495 479 627 517 potest
650 471 863 506 succedere
887 470 1000 506 alteri
1025 470 1098 506 sibi
1116 470 1329 516 contrarie,
1347 470 1526 518 sequitur
1549 469 1681 518 prima
1705 483 1809 517 pars.

552 530 599 563 Et
631 529 807 564 secunda
848 540 890 563 ex
930 529 1005 564 hoc
1039 537 1161 575 patet,
1196 529 1305 575 quod
1339 530 1457 573 Deus,
1493 541 1583 564 cum
1618 527 1667 563 sit
1700 528 1844 575 prius&

496 586 607 621 omni
641 585 835 634 preterito
867 586 926 621 vel
959 586 1106 632 futuro,
1141 598 1221 622 non
1254 585 1427 622 vicissim
1462 598 1710 634 cognoscens
1744 596 1811 622 aut

494 644 560 680 wlt
599 643 751 693 aliquid
791 645 879 691 plus
920 652 956 680 et
997 644 1149 690 minus3
1195 652 1231 679 et
1277 643 1382 680 idem
1429 653 1486 680 est
1531 643 1723 680 iudicium
1764 645 1812 680 de

495 702 605 737 omni
630 703 677 738 de
700 701 931 748 intrinseco,
957 703 1065 750 quod
1098 715 1180 738 non
1213 711 1345 749 potest
1377 701 1552 738 vicissim
1588 714 1672 738 esse
1704 715 1812 738 nunc

496 759 693 797 intencius
728 769 765 796 et
797 772 902 796 nunc
935 759 1152 796 remissius.

552 820 600 854 Et
622 818 746 854 tercia
770 831 861 866 pars
886 827 995 866 patet
1020 831 1063 854 ex
1087 819 1175 864 hoc,
1209 819 1317 865 quod
1342 820 1461 863 Deus,
1496 831 1586 854 cum
1611 818 1660 854 sit
1691 830 1812 865 agens
1834 831 1871 851 10

496 876 785 922 voluntarium,
826 885 957 924 potest
995 889 1100 912 nunc
1140 888 1257 923 agere
1296 877 1345 912 ad
1385 885 1492 912 extra
1529 875 1736 921 intensius,
1778 885 1815 912 et

496 947 600 971 nunc
646 934 867 984 remissius,
914 947 959 970 ac
998 934 1028 970 si
1068 943 1170 971 esset
1210 947 1329 981 agens
1370 934 1479 970 finite
1525 934 1709 982 potencie
1753 934 1814 970 vel

495 1005 615 1040 agens
648 992 864 1038 racionale,
900 994 1007 1040 quod
1040 992 1139 1029 scire
1175 994 1386 1028 moderare
1409 991 1502 1028 insit
1526 992 1815 1040 proporciona-

495 1051 584 1087 liter
617 1052 667 1087 ad
700 1052 958 1098 productum,
1006 1052 1120 1087 Unde
1153 1050 1349 1086 intensior
1382 1058 1439 1086 est
1472 1049 1693 1095 movenda,
1734 1063 1814 1098 qua

495 1111 599 1145 Deus
625 1118 758 1145 movet
781 1108 955 1145 velocius
982 1118 1149 1153 motum,
1185 1121 1304 1156 quam
1330 1108 1551 1152 movencia,
1577 1121 1656 1156 qua
1680 1117 1813 1145 movet
1834 1109 1871 1141 15

496 1176 650 1203 motum
667 1167 889 1214 remissius,
916 1176 952 1203 et
976 1166 1030 1203 ita
1054 1168 1100 1202 de
1117 1166 1328 1202 similibus.
1353 1168 1401 1201 Et
1425 1179 1468 1202 ex
1484 1167 1624 1202 eodem
1640 1165 1812 1211 videtur,

492 1226 600 1273 quod
633 1238 712 1261 una
753 1224 917 1273 agencia
951 1224 1022 1260 Dei
1063 1226 1225 1261 adextra
1264 1224 1313 1260 sit
1353 1224 1467 1260 alteri
1507 1225 1813 1272 quodammodo

493 1283 707 1327 contraria,
742 1292 784 1319 ut
809 1283 1027 1319 calefacere
1051 1285 1084 1319 A
1118 1291 1153 1319 et
1178 1282 1308 1330 ipsum
1333 1281 1567 1330 frigefacere
1590 1284 1812 1318 secundum

492 1342 597 1377 idem
622 1340 741 1377 simul
766 1350 802 1377 et
825 1342 948 1377 semel
970 1341 1155 1377 videntur
1179 1342 1262 1376 Deo
1295 1353 1401 1376 nunc
1425 1353 1541 1388 posse
1570 1349 1811 1388 competere.

492 1401 722 1435 Notandum
749 1392 896 1439 tanien,
922 1401 1029 1447 quod
1047 1398 1178 1435 onmis
1201 1398 1354 1446 species
1373 1398 1537 1445 agencie
1553 1398 1625 1435 Dei
1650 1400 1813 1435 adextrat
1830 1410 1871 1431 20

493 1466 624 1505 potest
663 1457 784 1493 simul
817 1457 944 1493 inesse
985 1457 1113 1493 eidem
1155 1465 1321 1504 propter
1360 1456 1701 1492 universalitatem
1744 1469 1812 1492 sue

492 1515 682 1560 efficacie,
725 1524 767 1551 ut
800 1515 884 1562 ipse
918 1524 1049 1563 potest
1082 1514 1201 1550 simul
1235 1527 1425 1562 generare
1465 1523 1502 1550 et
1535 1527 1807 1562 corrumpere,

492 1574 709 1610 calefacere
744 1582 780 1609 et
813 1573 1059 1620 frigefacere,
1093 1581 1130 1609 et
1163 1572 1219 1609 ita
1253 1574 1301 1608 de
1324 1572 1411 1608 aliis
1445 1572 1659 1609 contrariis
1694 1585 1795 1620 agen

491 1631 573 1674 ciis,
609 1631 834 1667 terminatis
874 1631 993 1667 simul
1026 1639 1211 1678 tempore
1252 1632 1303 1666 ad
1335 1629 1440 1667 idem
1476 1630 1515 1666 in
1548 1643 1728 1670 numero,
1771 1640 1813 1666 ut

491 1699 600 1737 patet
633 1691 680 1725 de
714 1689 957 1737 ponentibus
983 1688 1381 1736 multiplicitutlinen]
1416 1687 1650 1725 divisibilem
1686 1688 1811 1736 possi·
1830 1691 1869 1723 25

493 1747 632 1792 bilem3
675 1760 768 1795 ymo
801 1748 968 1793 addunt,
1010 1748 1118 1795 quod
1159 1748 1234 1783 hoc
1268 1755 1326 1782 est
1359 1746 1548 1794 possibile
1588 1748 1636 1783 de
1669 1747 1811 1782 eodem

493 1805 684 1853 singulari
726 1818 798 1853 pro
834 1807 975 1841 eodem
1015 1805 1103 1841 loco
1144 1814 1180 1841 et
1213 1813 1408 1852 tempore,
1450 1806 1497 1840 de
1530 1817 1609 1853 qua
1642 1804 1812 1841 materia

496 1863 590 1900 alibi
625 1863 699 1900 erit
732 1876 876 1899 sermo.

214 1924 280 1951 The
301 1925 420 1952 actions
441 1924 475 1950 ΟΥ
554 1923 746 1958 Creature
780 1930 928 1967 autem,
963 1934 1039 1969 que
1064 1929 1186 1968 agunt
1220 1933 1290 1968 per
1313 1920 1520 1968 potencias
1545 1920 1601 1957 eis
1625 1920 1792 1957 acciden

233 1965 458 2033 cfiffititffisbag're
496 1981 594 2016 tales
629 1989 666 2016 et
697 1979 922 2015 limitantur
945 1981 995 2015 ad
1020 1988 1167 2015 certam
1195 1988 1350 2026 partem
1374 1968 1657 2025 tinivei·sitati5,
1692 1992 1811 2027 quam
1830 1982 1871 2014 30

205 2038 295 2064 spat-e
316 2030 374 2057 ³¹¹³
397 2035 478 2057 ΜΝ
496 2047 664 2085 possunt
697 2050 827 2085 agere,
876 2046 912 2072 et
945 2050 1026 2073 non
1065 2049 1226 2073 omnen]
1274 2036 1401 2072 eciam
1443 2036 1810 2084 impossibilitatem

494 2097 555 2131 vel
603 2095 918 2143 repugnanciam
970 2108 1133 2131 suarum
1187 2095 1458 2142 agenciarum,
1508 2104 1592 2130 tum
1646 2103 1812 2142 propter

495 2153 689 2189 finitatem
723 2166 791 2189 sue
825 2153 1023 2200 potencie,
1058 2162 1141 2188 tum
1178 2152 1303 2188 eciam
1332 2161 1497 2200 propter
1520 2152 1811 2189 limitacionem

494 2211 701 2259 temporis,
736 2224 814 2260 qua
838 2210 927 2247 talis
960 2211 1148 2259 potencia
1182 2210 1255 2246 sibi
1290 2210 1526 2253 adinveniet,
1562 2210 1616 2247 ita
1650 2210 1812 2258 agencie

496 2278 677 2306 creature
723 2270 946 2305 secundum
1000 2269 1188 2305 ultimum
1236 2281 1304 2304 sue
1355 2268 1542 2316 potencie
1587 2271 1867 2316 repugnant'jfi

496 2327 712 2375 coagencia
757 2327 876 2363 simul
921 2336 958 2363 et
1004 2327 1140 2372 semel,
1187 2339 1307 2373 quam
1357 2335 1492 2362 tamen
1538 2326 1635 2362 alias
1681 2335 1812 2374 potest

492 2387 728 2433 producere.
755 2384 924 2421 Senibus
941 2384 1067 2421 eciam
1086 2393 1311 2432 repugnant
1327 2384 1589 2432 operaciones
1605 2384 1809 2429 iuveniles,

493 2452 530 2479 et
546 2452 722 2489 econtra,
746 2452 911 2491 propter
925 2442 1193 2479 variacionem
1211 2442 1413 2490 potencie3
1438 2455 1514 2490 que
1531 2441 1666 2478 omnia
1682 2442 1810 2478 aliena

493 2510 583 2537 sunt
616 2514 638 2537 a
671 2503 768 2537 Deo.

551 2560 665 2595 Unde
699 2558 855 2606 signum
891 2557 1276 2605 superperfeccionis
1311 2557 1474 2605 agencie
1508 2571 1627 2605 super
1659 2557 1810 2605 passio·
1824 2570 1868 2600 40

493 2629 582 2653 nem
619 2625 689 2663 est,
723 2617 830 2665 quod
854 2617 941 2663 plus
967 2617 1175 2663 elongatur
1209 2629 1230 2651 a
1255 2615 1560 2661 contrarietate;
1593 2624 1670 2651 stat
1705 2615 1809 2652 enim

494 2674 601 2711 idem
647 2674 766 2710 simul
800 2674 1019 2710 calefacere
1065 2683 1101 2709 et
1134 2673 1365 2721 frigefacere
1411 2673 1580 2718 diversa,
1626 2682 1668 2709 ut
1701 2682 1810 2721 patet

497 2733 544 2768 de
569 2732 685 2768 astris
710 2740 746 2768 et
762 2731 849 2768 aliis
865 2731 1103 2768 habentibus
1119 2731 1305 2768 virtutem
1323 2731 1569 2768 contrariam
1587 2733 1806 2767 secundum

568 2830 605 2867 β.
630 2830 724 2858 (joar..-
745 2831 907 2859 contraria.
