2056 3234
261 188 336 234 134
990 193 1212 227 JOHANNIS
1238 193 1406 224 WICLIF
1674 189 1763 218 CAP.
1783 189 1851 218 xv.

542 302 718 351 capitulo
766 302 836 338 320
871 310 908 337 et
944 301 1028 345 330,
1075 299 1168 349 quia
1213 308 1350 336 causat
1397 298 1483 335 illas
1526 298 1727 346 veritates,
1775 311 1852 347 que

543 360 848 408 distingwuntur
870 358 1093 395 formaliter
1116 371 1138 394 a
1161 360 1259 404 Deo,
1293 366 1329 393 et
1362 356 1453 393 hinc
1487 357 1637 393 dictum
1672 365 1728 393 est
1760 369 1852 393 con-

540 417 649 454 tinue
682 416 841 466 operari
874 426 910 453 et
942 417 1072 453 facere
1106 424 1321 461 creaturas,
1367 415 1468 451 sicut
1506 415 1600 451 facit
1633 414 1721 451 illas
1754 427 1851 460 esse,

542 477 649 524 quod
681 475 787 511 idem
822 483 890 512 est.
936 476 1064 522 Agere
1097 482 1231 510 autem
1276 486 1357 509 non
1397 482 1453 509 est
1487 482 1593 509 extra
1626 472 1851 519 causancia,

542 533 616 569 nisi
665 533 816 581 agentis
864 532 913 569 ad
958 531 1061 568 intra
1107 540 1143 567 et
1187 530 1445 579 producentis
1491 543 1573 567 rem
1608 531 1885 576 absolutam35

542 593 609 628 sed
641 591 771 627 facere
804 589 1089 638 appropriatur
1112 591 1162 625 ad
1188 588 1444 625 causanciam
1478 590 1527 625 ad
1563 597 1671 625 extra
1704 597 1741 624 et
1772 601 1853 625 non

541 648 710 697 requirit
742 648 891 685 faciens
924 660 1039 684 suum
1074 659 1190 694 agere
1224 646 1396 690 adintra,
1430 655 1467 682 et
1499 659 1571 694 per
1603 658 1852 694 consequens

543 719 614 743 nec
648 719 731 743 esse
764 705 936 742 activum
970 718 1042 742 nec
1082 717 1165 741 rem
1199 705 1427 741 absolutam
1460 706 1694 752 producere.
1724 704 1729 755 Ι
1758 705 1850 740 Ideo
1869 706 1907 737 F.
1925 707 2003 737 221¹

543 765 679 801 dicunt
712 763 976 812 grammatici,
1024 764 1130 811 quod
1175 774 1291 810 agere
1334 764 1498 798 verbum
1533 771 1588 798 est
1620 762 1706 810 plus
1740 763 1853 798 abso-

542 824 683 867 lutum,
718 834 838 870 quam
873 822 1016 865 facere,
1051 829 1091 856 ut
1130 820 1342 868 rectilogus
1380 833 1461 856 non
1494 819 1601 866 dicit,
1636 821 1743 867 quod
1776 819 1912 867 agitm

544 881 665 916 homo
702 891 875 922 currere,
908 881 976 915 sed
1009 878 1102 914 facit
1135 879 1220 914 hoc.
1268 880 1349 914 Nec
1383 878 1492 924 dicit,
1525 879 1633 926 quod
1668 887 1852 914 creatura

542 938 648 984 facit,
673 937 747 973 nisi
770 937 1035 985 specificetur,
1052 936 1149 984 quid
1172 935 1284 981 facit3
1319 948 1493 984 congrue
1516 944 1651 972 tamen
1675 936 1854 972 absolute

543 995 701 1041 dicitur,
730 997 836 1044 quod
870 993 1093 1042 intelligens
1126 994 1186 1030 vel
1219 994 1417 1030 delectans
1451 993 1542 1042 agit,
1577 993 1648 1030 etsi
1680 1006 1760 1030 non
1793 1005 1854 1029 ex-

542 1053 751 1101 primatur,
785 1052 882 1100 quid
914 1051 1005 1100 agit.
1041 1053 1155 1088 Unde
1178 1051 1410 1088 Aristoteles
1439 1054 1483 1088 60
1518 1051 1757 1100 topicorum,
1792 1064 1854 1088 ca-

542 1111 667 1160 pitulo
704 1112 747 1146 50
781 1119 817 1146 et
852 1112 896 1147 60
931 1109 1044 1158 ponit
1076 1122 1145 1157 per
1179 1110 1253 1146 hoc
1291 1109 1562 1146 differenciam
1595 1110 1696 1146 inter
1728 1118 1852 1146 artem
1875 1109 1909 1142 ¹5

544 1178 580 1205 et
612 1168 888 1217 prudenciam,
923 1169 1031 1216 quod
1064 1180 1126 1203 ars
1170 1167 1302 1215 primo
1335 1176 1391 1204 est
1423 1167 1672 1212 factibilium,
1706 1167 1855 1204 scilicet

544 1228 593 1263 ad
627 1236 733 1263 extra
778 1225 1057 1274 operabilium,
1104 1225 1328 1261 cuiusmodi
1366 1234 1457 1262 sunt
1501 1238 1561 1262 res
1607 1225 1854 1271 artificiales3

544 1286 612 1321 sed
644 1284 863 1333 prudencia
896 1292 953 1320 est
986 1283 1204 1332 agibilium,
1245 1283 1471 1320 cuiusmodi
1510 1293 1600 1320 sunt
1638 1283 1860 1329 consiliari,

544 1342 744 1389 ordinare,
783 1354 994 1390 precavere
1029 1350 1065 1378 et
1089 1341 1208 1378 ceteri
1232 1349 1345 1378 actus
1369 1341 1600 1378 huiusmodi
1633 1341 1856 1378 immanen-

543 1410 620 1447 tes;
654 1409 691 1437 et
723 1400 778 1436 sic
811 1397 941 1438 'facere
985 1408 1023 1436 et
1066 1412 1182 1447 agere
1221 1399 1453 1436 coincidunt
1491 1400 1531 1436 in
1565 1399 1712 1445 multis,
1746 1407 1784 1436 et
1815 1399 1855 1435 in
1872 1410 1914 1431 20

547 1458 681 1494 multis
714 1458 955 1506 discrepant.
990 1457 1242 1495 Conveniunt
1274 1457 1314 1493 in
1347 1457 1458 1494 omni
1491 1458 1732 1506 operacione
1765 1459 1856 1494 sub-

545 1516 694 1553 stancie
727 1515 983 1564 producentis
1028 1517 1076 1552 ad
1123 1524 1228 1552 extra
1267 1528 1350 1551 rem
1384 1517 1607 1552 absolutam
1643 1525 1679 1552 et
1711 1515 1856 1552 discre-

545 1584 641 1623 pant
672 1574 713 1610 in
745 1574 856 1610 omni
889 1573 1102 1610 causancia
1126 1573 1240 1620 entis,
1271 1576 1379 1622 quod
1411 1587 1491 1610 non
1525 1583 1581 1610 est
1613 1573 1855 1619 substancia,

546 1641 582 1668 et
615 1632 655 1668 in
688 1632 798 1669 omni
831 1631 1037 1677 faciencia,
1072 1644 1150 1680 qua
1183 1644 1263 1668 non
1296 1632 1339 1668 fit
1372 1634 1422 1668 ad
1456 1641 1563 1668 extra
1596 1631 1747 1680 aliquid
1789 1633 1857 1668 ab-

546 1691 734 1726 solutum.
1873 1689 1912 1721 25

604 1749 681 1785 Sed
714 1756 847 1796 preter
879 1748 956 1783 tale
980 1747 1110 1784 facere
1133 1747 1363 1795 positivum,
1387 1748 1489 1784 sicut
1513 1757 1570 1785 est
1592 1761 1716 1784 unum
1740 1760 1857 1795 agere

544 1805 818 1850 intrinsecum,
853 1807 961 1853 quod
994 1818 1075 1841 non
1114 1814 1172 1842 est
1211 1805 1353 1851 facere,
1388 1815 1430 1842 ut
1463 1815 1572 1854 patet
1606 1808 1653 1842 de
1693 1805 1856 1853 agencia

545 1863 682 1912 patris,
717 1863 772 1899 sic
805 1873 912 1899 extra
946 1876 1063 1911 agere
1107 1872 1164 1900 est
1197 1877 1321 1899 unum
1355 1865 1485 1900 facere
1519 1863 1772 1912 privativum,
1808 1864 1855 1899 de

546 1934 626 1970 quo
660 1920 900 1957 creberrime
933 1922 1154 1968 loquuntur
1187 1931 1361 1968 autores,
1395 1931 1436 1958 ut
1460 1931 1569 1970 puta,
1603 1923 1765 1970 quando
1799 1930 1856 1958 est

546 1992 668 2015 unum
692 1978 882 2023 factibile,
907 1980 1015 2027 quod
1040 1988 1096 2016 est
1119 1979 1158 2015 in
1182 1988 1380 2027 potestate
1413 1979 1614 2016 causantis
1645 1978 1855 2028 impedire,
1873 1989 1914 2011 20

545 2046 582 2073 et
614 2050 694 2073 non
726 2037 907 2085 impedit,
941 2046 1035 2073 tunc
1069 2037 1216 2073 dicitur
1248 2037 1377 2074 facere
1410 2038 1520 2083 illud,
1555 2046 1591 2073 et
1624 2037 1700 2073 isto
1734 2038 1855 2073 modo

545 2095 723 2143 loquitur
755 2095 966 2131 Anselmus
1010 2094 1142 2142 primo
1183 2096 1262 2131 Cur
1300 2097 1404 2131 Deus
1450 2096 1572 2131 homo
1612 2099 1694 2141 100,
1727 2095 1767 2131 in
1800 2097 1856 2130 De

614 2225 659 2244 20.
683 2217 787 2244 multis
808 2225 846 2244 ex
865 2225 948 2245 corr.
1022 2216 1064 2244 23.
1080 2208 1206 2258 ἷςίὀξᾷῗ
1224 2203 1285 2244 ffi.
1360 2216 1404 2244 30.
1431 2217 1525 2245 Cod.:
1547 2217 1653 2244 cai'tis.

620 2311 669 2341 ιι.
699 2301 753 2342 Cf.
773 2301 875 2332 Arist
894 2301 984 2342 Top.
1003 2301 1047 2332 VI
1076 2300 1105 2340 5,
1126 2300 1252 2341 2.(Ed
1272 2301 1354 2334 Par.
1376 2301 1486 2339 1241,
1506 2302 1552 2332 22
1568 2301 1649 2341 ss.):
1674 2299 1857 2341 Καθάπερ

546 2344 686 2388 ἰατρικὴ
725 2349 789 2378 τοῦ
830 2344 938 2378 νόσον
974 2344 1034 2378 καὶ
1070 2344 1209 2388 ὑγίειαν
1244 2349 1409 2389 ποιῆσαι·
1455 2348 1519 2378 τοῦ
1562 2344 1627 2388 μὲν
1668 2344 1734 2388 γὰρ
1771 2345 1857 2378 καθ’

546 2390 660 2434 αὑτὴν
690 2390 842 2434 λέγεται·
881 2395 945 2424 τοῦ
978 2390 1017 2424 δὲ
1048 2390 1139 2424 κατὰ
1170 2390 1406 2435 συμβεβηκός·
1446 2398 1480 2425 et
1510 2393 1593 2425 ibid.
1628 2396 1658 2430 6,
1687 2395 1733 2423 25
1759 2393 1856 2434 (ibii.

548 2441 632 2478 244,
661 2441 712 2470 50
738 2442 816 2480 ss..·)
854 2438 910 2469 7*H
939 2436 969 2470 εἰ
999 2436 1047 2481 μὴ
1080 2441 1143 2470 τοῦ
1174 2450 1322 2481 πρωτου
1354 2437 1553 2477 ἀπέδωκεν,
1585 2434 1674 2470 ὅταν
1703 2437 1856 2481 τυγχάνῃ

546 2482 638 2527 πρὸς
662 2483 769 2516 πλείω
797 2482 1002 2526 λεγόμενον·
1039 2480 1118 2516 οἷον
1143 2482 1209 2527 τὴν
1234 2482 1412 2528 φρόνησιν
1437 2482 1568 2527 ἀρετὴν
1593 2482 1807 2527 ἀνθρώπου,
1833 2482 1855 2527 ἢ

546 2533 668 2583 ψυχῆς
689 2528 749 2562 καὶ
773 2528 822 2572 μὴ
848 2533 913 2562 τοῦ
939 2531 1156 2573 λογιστικοῦ·
1183 2530 1331 2586 πρώτου
1355 2529 1421 2574 γὰρ
1448 2533 1512 2563 τοῦ
1529 2531 1728 2572 λογιστικοῦ
1747 2529 1855 2573 ἄρετὴ

547 2575 569 2619 ἡ
596 2574 787 2619 φρόνησις·
815 2575 905 2608 κατὰ
929 2575 996 2618 γὰρ
1022 2580 1129 2609 τοῦτο
1154 2588 1215 2609 και
1240 2574 1261 2619 ἡ
1287 2576 1383 2620 ψυχὴ
1409 2575 1470 2609 καὶ
1496 2573 1514 2609 ὁ
1541 2575 1741 2618 ἄνθρωπος
1766 2588 1855 2620 φρο-

548 2624 622 2655 νεῖν
647 2621 793 2664 λέγεται.
892 2625 944 2657 32·
973 2625 1026 2666 Cf.
1056 2624 1209 2655 Anselmi
1238 2624 1495 2655 Cantuariensis
1523 2624 1592 2655 Cur
1616 2624 1710 2655 Deus
1737 2624 1855 2655 Homo

548 2670 559 2701 Ι
585 2679 622 2701 10
648 2670 791 2713 (lligne
820 2669 979 2703 CLVIII
996 2671 1106 2712 3740.-
1132 2670 1238 2702 Illum
1266 2680 1409 2722 quoque,
1434 2670 1491 2711 qui
1514 2669 1704 2712 prohibere
1728 2674 1855 2711 potest,

549 2720 582 2748 et
608 2725 675 2747 non
702 2715 876 2757 prohibet,
903 2717 1055 2749 solemus
1082 2716 1210 2755 elmere,
1243 2718 1323 2757 quia
1356 2717 1437 2755 vult,
1472 2716 1564 2756 quod
1589 2726 1657 2748 non
1683 2716 1855 2757 prohibet.

548 2762 715 2793 Eiusdem
735 2763 777 2793 de
797 2762 992 2793 Concordia
1011 2763 1261 2794 Prae-:scientiae
1279 2769 1312 2794 et
1329 2762 1656 2794 Praedestinationis
1675 2772 1695 2804 7
1721 2762 1858 2806 (Migne

549 2808 592 2840 ib.
620 2810 719 2848 519).·
752 2808 854 2840 Nunc
886 2813 1005 2841 autem
1040 2814 1179 2840 tantum
1214 2809 1303 2848 dico,
1338 2810 1431 2850 quod
1463 2809 1578 2841 malus
1604 2809 1752 2851 angelus
1779 2808 1856 2840 ideo
