2056 3234
199 158 280 196 274

226 1254 248 1282 Ι.
270 1254 442 1291 Corollary.

203 1290 270 1317 The
291 1290 466 1326 intelligiblc

206 1325 304 1352 world
327 1326 352 1352 is
373 1325 462 1352 made

204 1368 245 1394 up
266 1360 300 1387 of
316 1360 365 1387 the
386 1365 467 1387 most

199 1394 344 1422 beautiful
363 1395 472 1422 forms.

222 1847 259 1875 II.
281 1847 453 1884 Corollary.

234 1883 260 1909 It
280 1883 381 1910 would
405 1883 439 1909 be

200 1917 359 1952 delightful
378 1922 409 1944 to
425 1926 474 1944 see

222 1952 307 1979 ideas
328 1960 361 1979 as
381 1953 451 1988 they

239 1987 316 2014 exist
335 1987 366 2014 in
386 1987 436 2014 the

226 2022 328 2049 divine
350 2021 446 2049 mind.

975 157 991 189 J
996 155 1144 189 ohannis
1169 157 1293 190 Wiclif
1579 155 1706 192 Quaest.
1720 155 1803 183 VIII.

486 261 784 299 racionabiliter
821 262 952 298 facere
991 271 1028 298 et
1060 264 1305 311 gubernare3
1350 265 1419 300 sed
1457 263 1705 312 impossibile
1745 272 1803 300 est

486 319 698 368 quitquam
731 319 1031 356 racionabiliter
1070 320 1157 357 fieri
1190 320 1275 358 sine
1307 321 1487 367 racione;
1537 329 1660 358 restat
1692 333 1800 369 ergo,

485 386 529 414 ut
557 377 694 414 omnia
723 377 801 414 sint
829 377 992 414 racione
1020 378 1204 425 condita;
1233 391 1307 416 nec
1331 381 1470 416 eadem
1495 379 1656 416 racione
1680 380 1801 415 homo

486 448 608 484 quam
632 435 796 473 asinus.'
821 436 907 472 Hoc
930 435 1050 482 enim,
1074 444 1118 472 ut
1139 436 1249 483 dicit,
1273 446 1331 474 est
1356 438 1576 474 absurdum
1599 436 1800 484 estimare,

486 506 558 531 nec
597 502 731 540 restat,
778 495 885 541 apud
925 506 1043 542 quem
1083 503 1174 530 sunt
1213 494 1278 531 ille
1317 495 1498 532 raciones
1532 503 1681 541 eterne,
1725 494 1834 532 nisi5

487 553 594 600 apud
626 554 769 597 Deum,
802 559 846 587 ut
878 551 974 589 dicit
1005 551 1112 588 idern
1141 553 1403 601 Augustinus,
1437 566 1529 590 cum
1562 553 1801 601 sacrilegum

486 610 536 646 sit
569 609 701 647 dicere
724 611 852 646 Deum
885 609 1032 646 intueri
1065 618 1173 647 extra
1204 623 1245 648 se
1278 612 1479 660 exemplar
1512 610 1573 648 sui
1602 610 1800 660 producti.

488 667 566 713 Qui
606 680 700 716 ergo
738 667 812 704 scit
850 667 1076 716 defendere,
1122 670 1231 717 quod
1264 671 1370 706 Deus
1409 678 1541 718 potest
1579 670 1802 718 producere

487 738 548 763 res
592 726 767 763 diversas
815 733 937 772 extra,
989 739 1071 763 non
1121 735 1165 763 ut
1210 735 1248 763 et
1291 729 1512 764 secundum
1565 728 1673 776 quod
1724 726 1803 764 sint

486 783 769 832 producibiles‚
815 783 896 820 sive
941 784 1120 828 existant,
1165 784 1246 822 sive
1290 799 1384 833 non,
1429 785 1515 834 ipse
1563 798 1623 822 res
1662 786 1711 822 ab
1756 797 1803 821 eo
1822 800 1861 821 10

487 841 754 879 diversimode
773 849 894 889 extra,
916 838 1002 894 lille
1016 851 1134 890 negat
1148 842 1321 891 primam
1337 852 1493 892 partem
1509 842 1801 889 antecedentis;
1824 848 1862 880 F.
1882 858 1945 892 ¹94

487 901 663 937 secunda
708 912 837 950 parsk
858 899 1010 936 scilicet
1043 902 1151 949 quod
1184 909 1243 937 tot
1275 910 1367 938 sunt
1411 901 1595 939 raciones
1626 901 1801 949 ydeales,

488 966 687 1007 quotquot
724 966 892 1006 possunt
932 970 1028 1004 esse,
1068 960 1275 1007 probatur,
1316 959 1423 1008 quia,
1463 960 1495 996 si
1530 962 1636 996 Deus
1668 967 1803 1008 posset

487 1016 665 1064 aliquam
710 1017 993 1064 superaddere,
1045 1025 1141 1053 tunc
1192 1026 1326 1066 posset
1378 1030 1475 1064 esse,
1536 1018 1644 1066 quod
1696 1019 1803 1054 Deus

487 1073 786 1111 racionabiliter
814 1073 981 1111 alicuius
1009 1074 1066 1111 rei
1096 1084 1197 1112 esset
1219 1075 1400 1122 factivus,
1433 1076 1489 1113 sic
1511 1084 1661 1123 tamen,
1695 1076 1803 1124 quod
1823 1079 1860 1113 15

488 1134 535 1169 de
588 1140 679 1169 actu
732 1145 814 1169 non
867 1141 969 1168 esset
1011 1132 1115 1169 illius
1160 1133 1417 1170 racionaliter
1460 1134 1641 1181 factivuS,
1695 1134 1803 1182 quod

488 1190 670 1239 implicat
703 1190 1086 1227 contradiccionem.

547 1250 851 1286 CORROLARIUM
871 1255 1044 1283 PRIMUM:
1072 1250 1246 1285 Mundus
1269 1249 1489 1298 architipus
1513 1249 1593 1286 sive
1616 1249 1804 1299 intelligi-

488 1307 577 1344 bilis
617 1319 661 1343 ex
699 1306 837 1343 formis
876 1306 1156 1355 pulcherrimis
1194 1307 1450 1356 possibilibus
1488 1317 1578 1357 post
1610 1307 1802 1345 deitatem

489 1374 547 1402 est
578 1364 808 1413 plenissime
841 1364 1100 1413 informatus3
1139 1374 1262 1414 patet,
1302 1366 1397 1415 quia
1428 1366 1611 1403 raciones
1642 1366 1801 1414 ydeales
1820 1381 1862 1402 20

488 1432 579 1459 sunt
622 1423 751 1459 forme
796 1423 1040 1472 exemplares
1084 1423 1124 1459 in
1170 1433 1303 1460 mente
1351 1424 1498 1471 divina,
1551 1424 1712 1461 stabiles
1765 1432 1801 1461 et

489 1480 860 1526 communicabiles,
889 1494 972 1517 non
995 1480 1104 1517 aliud
1134 1483 1202 1518 sed
1226 1482 1384 1530 penitus
1406 1482 1513 1518 idem
1533 1481 1803 1519 essencialiter

489 1552 579 1576 cum
627 1548 759 1576 mente
803 1539 950 1586 divina,
996 1539 1206 1576 existentes
1251 1542 1300 1577 ab
1340 1540 1452 1577 omni
1490 1540 1726 1589 impuritate
1766 1549 1803 1577 et

488 1611 559 1646 per
602 1610 851 1646 consequens
901 1597 942 1634 in
984 1597 1237 1645 perfeccione
1290 1600 1490 1635 denudate
1535 1597 1804 1635 essencialiter

488 1665 577 1705 post
610 1655 798 1692 deitatem
834 1656 1103 1704 pulcherrime
1136 1656 1363 1704 possibiles;
1405 1665 1443 1693 et
1474 1656 1569 1705 quia
1600 1664 1659 1693 tot
1691 1656 1803 1704 tales,
1821 1661 1861 1694 25

488 1722 687 1763 quotquot
743 1723 910 1762 possunt
968 1726 1052 1751 esse
1105 1715 1152 1750 de
1209 1723 1301 1751 actu
1352 1714 1553 1763 integrant
1605 1715 1801 1751 mundum

488 1771 744 1820 architipum.

548 1832 853 1867 CORROLARIUM
874 1836 1119 1865 SECUNDUM:
1154 1830 1266 1867 Sicut
1289 1830 1525 1867 delectabile
1549 1839 1649 1868 esset
1670 1830 1805 1867 videre

489 1889 629 1936 pulcra
660 1889 779 1935 ydola
817 1888 858 1924 in
896 1889 1058 1937 speculo
1091 1888 1305 1937 corporali,
1345 1888 1401 1925 sic
1433 1888 1806 1937 incomparabiliter

490 1946 763 1983 delectabilius
803 1955 904 1983 esset
941 1947 1123 1984 intuitive
1162 1946 1296 1983 videre
1340 1947 1470 1995 ydola,
1515 1947 1637 1994 ydeas
1681 1947 1805 1983 factas
1822 1952 1863 1984 30

490 2005 735 2053 exemplares
774 2004 815 2040 in
854 2005 1017 2053 speculo
1050 2004 1091 2041 in
1124 2013 1258 2042 mente
1290 2004 1438 2051 divina,
1483 2004 1585 2041 sicut
1618 2004 1671 2040 ibi
1706 2013 1806 2041 eter-

488 2062 632 2100 naliter
670 2063 855 2099 existunt.
901 2065 1027 2110 Patet,
1069 2063 1163 2112 quia
1201 2062 1576 2112 incomparabiliter
1614 2071 1705 2099 sunt
1737 2062 1805 2099 illa

560 2223 593 2243 11.
615 2214 835 2249 diversimode]
857 2215 923 2242 cod.
934 2224 944 2242 :
970 2214 1074 2242 di'nd0.
1150 2212 1187 2250 13,
1208 2222 1251 2249 14.
1276 2214 1371 2243 Cod.:
1399 2205 1545 2265 poss7e{Je
1565 2199 1636 2250 anisi
1697 2222 1743 2242 20.
1760 2214 1805 2241 in-

488 2266 641 2294 formatus
662 2275 741 2295 corr.
763 2275 799 2294 ex
819 2267 990 2301 integratus
1011 2267 1041 2294 in
1063 2267 1129 2294 cod.

483 2368 693 2403 procreata,
736 2373 844 2405 eoque
882 2367 1030 2395 auctore
1067 2362 1199 2401 omnia,
1238 2372 1328 2405 quae
1365 2362 1489 2394 vivunt
1525 2363 1655 2401 vivere,
1695 2366 1803 2404 atque

489 2410 723 2441 universalem
758 2419 877 2441 rerum
913 2409 1204 2447 incolumitatem,
1230 2410 1460 2451 ordinemque
1491 2409 1616 2450 ipsum,
1656 2419 1722 2451 quo
1750 2418 1804 2447 ea,

489 2466 578 2497 quae
620 2460 819 2494 mutantur,
866 2466 948 2488 suos
995 2456 1210 2496 temporales
1256 2465 1380 2488 cursus
1420 2459 1516 2487 certo
1559 2455 1804 2487 moderamine

488 2502 678 2541 celebrant,
704 2503 833 2534 summi
854 2502 919 2534 Dei
946 2502 1081 2544 legibus
1106 2502 1283 2534 contineri
1308 2506 1342 2534 et
1365 2502 1590 2544 gubernari?
1620 2502 1696 2540 Quo
1722 2511 1804 2533 con-

488 2549 612 2580 stituto
638 2553 744 2590 atque
768 2558 943 2586 concesso,
969 2549 1044 2590 quis
1071 2548 1207 2580 audeat
1232 2548 1350 2580 dicere
1370 2549 1482 2579 Deum
1503 2547 1804 2580 irrationabiliter

489 2595 611 2626 omnia
649 2594 879 2627 condidisse?
920 2595 1023 2633 Quod
1061 2595 1091 2626 si
1131 2599 1225 2626 recte
1256 2594 1329 2626 dici
1358 2594 1412 2626 vel
1444 2594 1542 2626 credi
1575 2604 1643 2626 non
1669 2597 1803 2636 potest,

490 2644 611 2680 restat,
639 2646 676 2673 ut
694 2641 816 2673 omnia
836 2642 978 2673 ratione
1005 2641 1076 2672 sint
1101 2641 1261 2672 condita.
1287 2640 1361 2672 Nec
1380 2640 1502 2672 eadem
1526 2641 1667 2672 ratione
1686 2641 1801 2679 homo,

489 2697 557 2728 qua
584 2697 701 2729 equus.
799 2686 831 2719 6.
853 2687 905 2730 Cf.
925 2688 1072 2728 August.
1091 2687 1113 2718 l.
1132 2697 1158 2719 c.
1186 2687 1265 2719 Non
1294 2686 1384 2718 enim
1413 2691 1521 2719 extra
1548 2697 1584 2719 se
1611 2686 1801 2728 quidquam

484 2734 641 2773 positum
670 2734 885 2771 intuebatur,
919 2737 957 2764 ut
987 2733 1179 2765 secundum
1214 2733 1249 2765 id
1275 2734 1517 2772 constitueret,
1550 2733 1644 2775 quod
1673 2733 1803 2765 consti-

491 2781 628 2818 tuebat‚·
653 2790 735 2811 uam
763 2781 825 2812 hoc
851 2780 998 2821 opinari
1022 2779 1236 2821 sacrilegum
1263 2783 1324 2810 est.
