2056 3234
240 169 320 206 266

311 986 363 1014 ΙΙΙ.
384 986 429 1026 By

234 1022 508 1084 sssss12⁵se⁵vssl2⁰¹ssnssgn

246 1091 360 1126 merely
379 1090 490 1119 formal

252 1126 486 1188 mutastis,

232 1194 311 1255 islto
332 1195 368 1222 be
387 1169 422 1223 gf
442 1204 507 1223 use.

271 1229 490 1292 figssis‘ssssskffl

289 1299 406 1334 subject
425 1304 456 1327 to

303 1333 437 1361 harmful

234 1368 379 1403 passions
399 1368 501 1396 which

267 1410 339 1439 may
357 1403 415 1431 end
436 1403 467 1431 in

261 1438 359 1465 moral
380 1438 481 1466 death.

1019 179 1188 211 Johannis
1213 180 1335 212 Wiclif
1632 179 1757 215 Quaest.
1774 180 1831 208 V11

528 285 680 332 mundi,
726 298 808 322 non
850 293 985 322 autem
1031 285 1284 333 privaciones
1323 286 1383 323 vel
1422 287 1599 324 defectus
1638 287 1679 324 in
1724 289 1839 326 bonis

529 352 671 381 nature
688 344 751 381 vel
766 344 949 390 fortune;
973 343 1065 380 licet
1088 343 1216 380 eciam
1236 345 1343 381 bona
1360 345 1562 382 naturalia
1584 354 1674 382 sunt
1698 346 1839 384 divicie

527 401 657 439 medie
680 401 854 438 hominis
874 400 1036 437 moralis
1059 401 1099 437 in
1123 402 1197 438 hac
1211 401 1291 438 vita
1315 411 1351 439 et
1368 403 1594 451 corporalia
1619 404 1839 441 extrinseca

527 459 663 497 habita
685 461 733 496 ab
757 458 932 506 homine,
965 468 1008 495 ut
1031 459 1212 507 pecunie,
1243 459 1347 507 ville,
1377 461 1476 508 agri,
1499 460 1628 498 vinete
1651 470 1723 499 ete.
1748 471 1839 499 sunt

525 516 662 554 infime
701 516 841 554 divicie
880 516 1053 553 hominis
1093 517 1274 562 moralis;
1319 526 1455 555 tamen
1495 531 1538 555 ex
1583 520 1870 568 perversitate5

525 575 648 611 animi
681 575 722 611 in
755 576 906 611 mundo
938 574 1052 623 quasi
1083 583 1168 612 toto
1201 576 1402 623 regnantis
1435 576 1574 613 infima
1606 579 1711 615 bona
1751 590 1839 626 pre-

526 632 632 670 dicta
664 633 749 670 sine
781 632 918 669 addito
942 632 1083 669 divicie
1115 642 1413 681 nuncupantur,
1437 647 1528 671 cum
1553 635 1771 683 plurimum
1795 649 1839 672 ex

524 690 592 727 illa
635 691 893 739 perversitate
930 691 1018 739 plus
1056 690 1196 727 infima
1235 692 1339 728 bona
1371 692 1553 729 homines
1585 694 1769 730 studeant
1801 702 1839 731 et

525 748 692 797 diligant
736 750 894 795 habere,
934 761 1055 797 quam
1102 750 1207 786 bona
1248 749 1420 797 virtutis,
1466 759 1504 786 et
1547 751 1651 788 bona
1695 760 1837 788 nature

525 806 692 854 diligant
724 806 765 842 in
796 819 837 843 se
867 807 928 843 vel
959 806 1000 842 in
1032 806 1107 843 sibi
1130 806 1326 843 similibus
1348 807 1389 844 in
1420 816 1583 856 natura;
1617 817 1654 845 et
1677 822 1749 857 ego
1772 809 1836 846 hic
1857 826 1895 847 10

524 864 740 912 loquendo,
779 873 823 901 ut
861 864 1007 912 plures,
1046 864 1209 901 nomine
1241 865 1477 902 diviciarum
1516 866 1704 915 intellego
1742 867 1838 904 talia

524 923 629 958 bona
661 931 820 959 externa
852 921 991 958 infima
1023 922 1256 959 adiacencia
1289 923 1442 960 homini
1476 923 1630 961 morali.

581 982 704 1016 Noto:
735 979 1029 1028 possessionem
1055 980 1289 1017 diviciarum
1323 983 1543 1018 secundum
1576 995 1616 1019 se
1648 982 1836 1031 intellego

522 1038 814 1085 possessionem
831 1037 1064 1075 diviciarum
1088 1040 1308 1075 secundum
1332 1052 1444 1076 suam
1467 1041 1617 1077 nudam
1633 1040 1834 1078 racionem

522 1095 730 1132 formalem
765 1096 985 1144 propriam.
1856 1103 1893 1137 15

580 1155 705 1190 Noto:
739 1155 929 1202 prodesse
962 1162 1021 1190 est
1053 1153 1235 1191 conferre
1267 1154 1494 1192 utilitatem.

580 1213 630 1248 Et
668 1213 789 1248 homo
829 1211 993 1248 moralis
1033 1211 1192 1259 dicitur,
1238 1212 1304 1261 qui
1343 1212 1538 1249 subicitur
1581 1213 1836 1262 passionibus

524 1269 724 1317 corruptis
777 1279 812 1306 et
863 1269 1028 1316 nocivis,
1079 1269 1121 1306 in
1169 1270 1283 1307 bonis
1333 1279 1475 1307 nature
1526 1271 1749 1320 corporalis
1798 1281 1837 1309 et

523 1326 778 1375 passionibus
816 1327 968 1364 nocivis
1007 1327 1047 1364 in
1087 1328 1202 1365 bonis
1243 1328 1464 1365 moralibus
1496 1328 1564 1376 ita,
1604 1331 1711 1378 quod
1743 1330 1836 1367 licet

523 1384 687 1432 spiritus
721 1385 895 1422 hominis
926 1398 1009 1422 non
1050 1395 1182 1434 potest
1220 1386 1322 1423 mori
1365 1386 1617 1434 naturaliter,
1662 1388 1836 1425 moritur
1851 1403 1893 1425 20

522 1450 658 1479 tamen
690 1443 849 1491 gravius
882 1443 1108 1490 moraliter3
1141 1456 1234 1481 nam
1267 1444 1556 1482 lacrimabilius
1590 1454 1647 1482 est
1669 1447 1836 1494 perdere

522 1501 672 1537 bonum
696 1513 786 1538 vere
807 1501 980 1547 virtutis,
1014 1514 1136 1550 quam
1159 1502 1343 1539 amittere
1365 1511 1495 1539 toturn
1518 1504 1668 1540 bonum
1692 1512 1835 1541 nature

522 1559 763 1606 corporalis;
808 1559 906 1596 alias
943 1571 1035 1596 vere
1073 1560 1195 1596 fortes
1234 1572 1315 1597 non
1352 1560 1554 1609 sapienter
1593 1570 1834 1610 exponerent

520 1616 745 1664 perdicioni
766 1618 915 1654 bonum
934 1617 1113 1666 corporis
1132 1630 1206 1666 pro
1226 1618 1426 1655 salvandis
1445 1618 1558 1655 bonis
1576 1619 1809 1657 moralibus
1828 1616 1831 1673 1
1857 1625 1985 1670 F.191‘

578 1676 627 1710 Et
665 1675 787 1712 homo
826 1675 1002 1721 moralis,
1041 1675 1074 1712 si
1112 1688 1193 1712 non
1233 1677 1332 1713 bene
1372 1676 1659 1725 circumspicit,
1707 1678 1834 1715 multo
1850 1682 1890 1716 25

520 1731 643 1768 cicius
688 1741 724 1769 et
769 1732 925 1770 infinite
970 1733 1233 1782 multiplicius
1278 1733 1463 1783 intelligit
1500 1734 1756 1772 infirmitates
1796 1744 1834 1772 et

520 1798 693 1827 mortem
708 1791 898 1837 morales,
918 1804 1038 1840 quam
1063 1791 1318 1829 infirmitates
1340 1801 1377 1829 et
1398 1801 1568 1830 mortem
1591 1794 1830 1831 naturalem.

519 1850 621 1884 Nam
655 1848 907 1896 experiencia
951 1858 1132 1896 testatur,
1179 1851 1289 1898 quod
1335 1851 1459 1887 homo
1504 1851 1668 1888 moralis
1711 1850 1832 1888 nimis

519 1918 671 1953 pronus
705 1914 743 1943 et
774 1906 902 1944 facilis
937 1915 996 1943 est
1029 1908 1077 1943 ad
1113 1908 1263 1944 malum
1299 1907 1438 1945 mortis
1472 1917 1509 1945 et
1540 1909 1660 1946 nimis
1692 1910 1832 1946 tardus

519 1972 556 1999 et
596 1962 770 2001 difficilis
809 1966 859 2001 ad
898 1966 1046 2002 bonum
1084 1965 1255 2013 virtutis,
1296 1975 1333 2003 et
1372 1979 1493 2015 quam
1533 1966 1612 2004 cito
1644 1968 1712 2004 wlt
1749 1980 1833 2004 esse
1850 1975 1892 2008 30

520 2022 648 2057 malus
682 2030 763 2059 tam
799 2022 878 2059 cito
912 2023 954 2060 fit
987 2023 1128 2070 malus,
1162 2032 1199 2060 et
1231 2023 1287 2061 sic
1318 2023 1503 2061 infirmus
1536 2034 1574 2062 et
1605 2025 1834 2073 frequenter

518 2088 700 2116 mortuus
734 2080 952 2118 moraliter.
990 2081 1067 2118 Sed
1099 2094 1181 2118 non
1213 2095 1334 2130 quam
1369 2082 1448 2119 cito
1478 2084 1544 2119 wlt
1577 2095 1659 2119 esse
1692 2085 1832 2130 bonus,

517 2136 561 2173 fit
594 2138 720 2174 bonus
754 2138 974 2185 moraliter,
997 2148 1040 2176 ut
1063 2139 1158 2176 dicit
1182 2139 1461 2188 Philosophus.
1494 2142 1609 2187 Ymo,
1636 2154 1726 2178 cum
1753 2141 1834 2178 vita

517 2194 695 2232 virtuosa
730 2196 937 2232 moraliter
969 2197 1018 2233 sit
1052 2198 1178 2234 multo
1212 2198 1462 2246 prestancior
1495 2207 1532 2235 et
1565 2199 1721 2236 auctori
1753 2198 1831 2236 vite

518 2253 748 2300 placencior
791 2267 913 2302 quam
960 2256 1068 2291 nuda
1107 2254 1187 2292 vita
1226 2256 1459 2304 corporalis,
1507 2265 1543 2293 et
1583 2269 1684 2305 eque
1725 2270 1831 2294 mors
1848 2264 1889 2298 35

518 2310 684 2347 moralis
723 2312 849 2348 multo
890 2312 1004 2360 peior
1043 2326 1162 2361 quam
1197 2315 1305 2350 nuda
1339 2327 1446 2351 mors
1483 2314 1690 2361 naturalis,
1729 2315 1831 2352 sicut

517 2369 652 2414 homo,
695 2369 725 2405 si
766 2369 938 2406 moritur
982 2383 1004 2407 a
1042 2370 1122 2407 vita
1161 2371 1348 2418 naturali,
1393 2385 1474 2409 non
1518 2372 1664 2409 sufficit
1708 2386 1748 2410 se
1787 2386 1830 2410 ex

517 2426 704 2463 omnibus
749 2427 830 2464 suis
867 2428 1017 2465 viribus
1056 2430 1106 2465 ad
1144 2428 1267 2466 vitam
1306 2439 1448 2467 nature
1493 2429 1729 2477 instaurare,
1774 2430 1830 2467 sic

517 2484 644 2521 multo
685 2484 816 2521 minus
849 2485 997 2522 sufficit
1035 2499 1075 2523 se
1109 2496 1334 2524 restaurare
1373 2489 1423 2524 ad
1461 2487 1584 2525 vitam
1626 2488 1832 2525 moraliter

515 2541 749 2589 virtuosam,
783 2543 815 2579 si
849 2543 992 2581 cecidit
1024 2546 1073 2581 ab
1101 2544 1170 2582 illa
1192 2544 1233 2582 in
1256 2554 1429 2582 mortem
1453 2545 1732 2583 detastabilem
1755 2546 1830 2583 sibi
1843 2563 1889 2594 40

870 2665 877 2677 ‚

585 2705 628 2725 22.
651 2697 725 2726 Cod.
737 2707 748 2725 .·
770 2699 842 2727 born
849 2673 980 2727 Vviitutis.

586 2794 640 2827 33.
669 2794 721 2836 Cf.
748 2794 852 2827 Arist.
878 2794 957 2827 Eth.
983 2795 1118 2827 Nicom.
1143 2795 1155 2827 I
1183 2805 1202 2838 7
1230 2794 1289 2837 [6],
1313 2794 1351 2827 16
1377 2795 1462 2837 (Ed.
1483 2796 1567 2828 Par.
1587 2795 1628 2828 II
1645 2797 1674 2837 7,
1691 2797 1737 2828 13
1754 2796 1827 2837 ss,).
