2056 3234
179 822 216 843 10

178 1100 214 1131 15

176 1968 217 1999 30

235 182 361 216 QUssCSt·
384 180 460 207 Xlll·
516 181 746 220 Quaestioncs
773 180 904 221 logicae
931 186 963 210 ct
989 178 1262 220 philosophicae.

1749 170 1822 204 305

289 291 430 325 Utrum
465 288 564 323 illud
598 286 775 323 medium
816 286 973 322 causale
1013 293 1149 322 causat
1189 296 1259 332 per
1297 297 1336 319 se
1376 285 1435 319 vel
1469 297 1537 331 per
1576 290 1809 330 Whatssspecies

231 346 429 392 accidens,
475 344 626 381 scilicet
672 356 741 392 per
779 343 964 379 accidens
1003 351 1060 378 est
1098 341 1296 389 potencia,
1336 354 1411 389 que
1449 342 1537 388 plus

233 413 381 449 causat,
417 416 507 439 cum
542 402 590 438 sit
608 415 678 450 per
710 414 750 437 se
784 413 915 437 causa.
951 399 1111 448 Species
1145 399 1290 436 dicitur
1314 412 1393 435 uno
1419 400 1537 434 modo

231 463 391 509 ydolum
413 462 472 497 vel
495 460 585 496 idea
608 459 777 495 existens
800 458 839 494 in
863 458 1060 505 potencia,
1086 458 1306 493 secundum
1332 469 1452 504 quam
1477 469 1537 492 res

232 528 288 556 est
322 517 621 567 cognoscibili53
663 526 699 553 et
731 529 800 564 per
833 515 1061 563 potenciam
1096 514 1274 562 intelligo
1308 514 1536 562 potenciam

231 577 363 614 anime
385 576 613 613 sensitivam
630 575 691 611 vet
713 573 1011 611 intellectivam.
1036 574 1220 610 Secundo
1244 573 1365 609 modo
1388 571 1538 620 species

231 644 288 671 est
321 633 535 682 disposicio
569 631 833 681 quantitativa
872 631 1042 668 existens
1074 629 1274 679 potencia,
1314 642 1384 677 per
1416 642 1537 678 quam

232 692 457 740 disponitur
479 691 614 727 anima
637 699 674 726 et
697 689 806 726 vadit
830 689 869 725 in
893 698 1025 725 actum
1058 687 1327 736 cognoscendi
1354 687 1538 723 distincte

232 763 328 786 rem.
363 749 521 798 Species
555 747 756 785 senciendi
789 756 847 783 est
868 747 1031 794 ydolum
1065 747 1234 782 existens
1266 745 1307 781 in
1339 744 1538 793 potencia⁷

231 816 507 856 representans
530 819 612 842 rem
637 804 863 843 sensibilem
880 805 981 841 sicut
1005 813 1074 851 est,
1097 805 1157 840 vel
1172 803 1227 840 sic
1251 812 1308 839 est
1324 802 1539 851 disposicio

231 865 467 914 qualitativa
500 864 668 901 existens
701 863 741 899 in
765 863 961 910 potencia,
996 874 1067 910 per
1089 875 1209 910 quam
1234 860 1421 910 potencia
1453 872 1540 896 sen-

231 923 344 960 sitiva
378 922 602 971 disponitur
635 931 671 958 et
693 921 801 957 vadit
834 921 873 956 in
906 929 1038 957 actum
1064 919 1329 968 cognoscendi
1353 918 1539 955 distincte

231 994 329 1017 rem.

289 1041 367 1075 Ens
399 1037 645 1085 intelligendi
678 1045 735 1074 est
758 1036 920 1084 ydolum
946 1043 1224 1084 representans
1248 1047 1331 1071 rem
1364 1034 1404 1070 in
1426 1034 1539 1070 intelt-

230 1096 410 1139 lectibus,
444 1096 545 1132 sicut
569 1104 639 1140 est,
667 1096 727 1132 vel
750 1094 804 1130 sic
837 1093 988 1142 species
1021 1092 1281 1140 intelligibilis
1314 1101 1371 1128 est
1402 1091 1540 1128 simili-

231 1156 341 1191 tudo
362 1154 431 1197 rei,
472 1155 691 1190 secundum
731 1165 852 1201 quam
892 1164 953 1187 res
992 1150 1228 1199 simpliciter
1273 1149 1539 1198 cognoscitur,

231 1212 332 1248 sicut
365 1221 402 1248 et
423 1225 516 1248 vera
548 1211 699 1259 species
733 1219 789 1246 est
821 1209 862 1246 in
885 1209 1087 1245 intellectu
1110 1221 1190 1245 non
1212 1208 1443 1254 subiective,
1472 1208 1540 1243 sed

230 1269 565 1316 intencionaliter,
605 1268 706 1305 sicut
738 1269 838 1305 odor
871 1267 911 1303 in
944 1267 1076 1303 medio
1109 1276 1165 1303 est
1197 1265 1539 1309 intencionaliter3

230 1327 331 1375 lapis
374 1340 455 1363 non
500 1337 556 1364 est
600 1326 641 1362 in
686 1326 832 1365 anima,
879 1326 947 1361 sed
991 1324 1143 1373 species
1188 1323 1347 1372 lapidis,
1399 1323 1439 1359 id
1484 1332 1541 1359 est

232 1385 453 1422 similitudo
486 1384 679 1422 naturalis
712 1383 869 1432 lapidis.

290 1443 451 1491 Species
486 1444 634 1479 habent
661 1441 900 1490 generaliter
921 1439 1113 1477 noticiam
1143 1439 1198 1476 rei
1229 1439 1426 1476 sensibilis
1452 1452 1541 1486 cog-

231 1500 448 1546 noscibilis,
493 1500 587 1549 quia
625 1499 801 1549 quelibet
845 1499 1004 1535 illarum
1049 1506 1106 1534 est
1151 1498 1319 1534 formale
1364 1496 1541 1533 medium

232 1559 500 1606 cognoscendi
524 1571 627 1605 rem3
661 1567 781 1606 patet,
813 1557 906 1605 quia
930 1556 1080 1604 species
1105 1564 1160 1592 est
1184 1555 1411 1603 proximum
1434 1554 1541 1602 prin-

233 1616 380 1664 cipium
416 1616 470 1652 sic
504 1615 787 1664 cognoscendi,
831 1627 921 1651 cum
968 1613 1017 1650 sit
1056 1613 1272 1662 disposicio
1305 1612 1542 1662 qualitativa

233 1674 492 1711 manifestans
525 1686 623 1711 rem.
669 1675 765 1710 Item
798 1671 930 1709 omnis
962 1681 1074 1708 actus
1112 1673 1160 1708 de
1192 1683 1334 1719 genere
1367 1670 1541 1708 accionis

232 1732 414 1780 procedit
459 1732 631 1768 mediate
674 1745 695 1768 a
744 1730 1011 1779 disposicione
1050 1729 1287 1779 qualitativa
1332 1738 1538 1777 tamquam

234 1790 409 1826 medium
444 1791 493 1826 ad
526 1789 638 1826 illum
673 1798 807 1826 actum
840 1789 1124 1833 exercendum3
1158 1789 1226 1824 sed
1262 1787 1356 1835 quia
1395 1799 1539 1834 cogno—

232 1860 341 1884 scere
374 1861 458 1884 rem
492 1847 818 1884 intellectualiter
850 1847 910 1883 vel
955 1846 1194 1883 sensualiter
1239 1854 1296 1881 est
1341 1854 1452 1881 actus
1494 1846 1541 1880 de

233 1918 376 1953 genere
399 1905 588 1951 accionis,
619 1905 740 1953 igitur
767 1904 947 1953 procedit
970 1903 1202 1940 immediate
1230 1916 1251 1939 a
1275 1902 1541 1951 disposicione

233 1963 480 2011 qualitativa,
527 1976 598 2011 per
630 1976 749 2011 quam
797 1962 1027 1999 substancia
1068 1970 1221 1998 exercet
1252 1962 1371 1997 talem
1408 1960 1541 2008 cogni-

234 2016 409 2066 cionern;
435 2030 472 2058 et
496 2034 585 2058 cum
611 2021 700 2058 talis
724 2020 939 2069 disposicio
964 2020 1012 2056 sit
1036 2019 1199 2068 species,
1225 2018 1417 2067 sequitur,
1433 2019 1541 2066 quod

233 2078 384 2127 species
418 2088 490 2115 etc.

1674 335 1710 354 15.
