2056 3234
220 157 300 201 234
1007 161 1173 192 Johannis
1201 159 1322 191 Wiclif
1635 156 1761 191 Quaest.
1782 157 1818 183 11.

298 287 323 306 2.
344 278 411 305 The
443 312 447 316 ι
567 270 796 305 Secundum
838 280 961 315 genus
1001 266 1159 302 unionis
1198 265 1467 313 intellegibilis
1507 265 1608 301 sicut
1642 264 1818 301 medium

224 312 484 376 suitgsstzggsceemxglth
510 335 567 364 est
599 327 685 374 ipsa
718 325 948 362 substancia
981 337 1072 361 cum
1106 336 1177 360 sua
1210 323 1403 371 qualitate
1436 322 1654 359 essenciali.

297 383 424 445 ἛΠΗῙΤἛΥΘ·
566 384 768 431 Tercium,
808 383 911 420 sicut
943 390 1178 431 supremum
1212 393 1335 429 genus
1368 380 1527 416 unionis
1561 379 1819 427 intelligibilis

225 439 436 481 combination
457 450 491 478 of
509 452 567 479 est
611 451 722 479 actus
767 455 857 478 cum
902 454 973 477 sua
1025 453 1094 488 per
1138 452 1178 475 se
1231 439 1363 487 prima
1414 438 1632 474 duracione
1684 438 1820 474 unitus

248 489 465 551 Sipiffestgvzi'fie
508 500 738 537 substancie
771 512 862 536 cum
895 512 967 535 sua
999 496 1206 534 essenciali
1241 497 1448 544 qualitate.
1838 499 1853 530 5

220 555 447 626 miiiiiefl'ibgjgr‘iiJC
462 555 497 582 of
567 560 615 594 Et
647 559 868 594 secundum
893 556 1094 604 triplicem
1128 555 1320 591 unionem
1354 554 1432 590 iam
1458 553 1606 590 dictam
1642 552 1821 601 sequitur

453 611 457 617 ¹
509 615 725 654 corrolarie
759 628 841 651 esse
874 614 1016 662 triplex
1048 612 1251 649 obiectum
1284 625 1421 648 verum
1455 612 1692 647 intellectus.

219 684 241 711 Ι.
262 684 330 712 The
351 682 436 710 word
462 695 493 706 =
567 674 760 721 Primum,
801 673 910 720 quod
950 680 1007 708 est
1046 671 1175 707 infimi
1214 672 1374 718 gradus,
1415 671 1523 718 quod
1556 682 1625 717 per
1656 670 1819 705 verbum

295 719 345 746 the
365 722 421 745 act.
508 731 769 780 appropriate
808 730 1053 778 designatur.
1093 730 1269 765 Verbum
1309 727 1429 764 einim
1475 727 1675 775 significat
1714 728 1822 774 apud

510 792 657 827 Grecos
680 797 814 826 actum
840 788 896 824 rei
920 801 1010 824 cum
1035 800 1106 824 sua
1128 799 1199 835 per
1221 798 1261 823 se
1285 785 1502 822 duracione
1525 785 1586 822 vel
1611 784 1821 821 manencia
1842 798 1880 818 10

509 847 744 896 temporali3
784 847 891 894 quod
932 845 1095 894 quidem
1137 844 1406 893 significatum
1440 856 1511 892 per
1542 844 1707 879 verbum
1743 843 1822 890 pri-

510 905 637 943 marie
660 914 717 942 est
741 905 957 951 obiectum,
985 916 1124 940 verum
1148 902 1276 939 infimi
1304 903 1466 951 gradus,
1502 902 1822 949 correspondens

509 964 639 1012 prime
673 972 709 1000 et
741 962 878 998 infime
911 960 1051 998 unioni
1084 960 1125 997 in
1157 960 1244 1008 ipsa
1276 973 1330 996 re.
1361 958 1365 1010 1
1840 961 1877 992 F.
1900 959 1956 992 181

220 1030 339 1059 11.The
360 1038 494 1056 name:
569 1023 797 1059 Secundum
822 1020 1024 1057 obiectum
1048 1032 1185 1055 verum
1202 1018 1426 1054 intellectus
1443 1026 1500 1054 θεῖ
1517 1016 1637 1053 medii
1661 1017 1821 1064 gradus,

237 1066 287 1093 the
308 1065 482 1092 substance.
511 1081 619 1128 quod
664 1092 735 1128 per
777 1090 925 1115 nomen
970 1077 1231 1125 significatur.
1278 1079 1435 1112 Nomen
1479 1075 1584 1111 enim
1624 1074 1879 1123 significat15

511 1137 781 1175 substanciam
817 1150 906 1173 cum
941 1135 1166 1184 quantitate
1199 1134 1423 1181 essenciali3
1457 1134 1566 1181 quod
1597 1146 1733 1169 verum
1768 1132 1824 1168 sic

511 1195 702 1245 primarie
740 1207 810 1243 per
849 1206 996 1230 nomen
1034 1193 1320 1241 significatum,
1362 1200 1419 1228 θεῖ
1452 1191 1654 1229 obiectum
1686 1203 1823 1227 verum

512 1255 737 1291 intellectus
790 1252 913 1289 medii
965 1253 1126 1300 gradus,
1186 1251 1506 1298 correspondens
1559 1250 1733 1286 secunde
1787 1257 1824 1285 et

513 1312 643 1348 medie
676 1310 815 1347 unioni
848 1309 1089 1357 intelligibili
1121 1309 1162 1345 in
1194 1321 1249 1345 re.

232 1378 283 1406 111.
304 1377 371 1405 The
391 1377 485 1404 truth-
569 1369 758 1406 Tercium
793 1368 996 1410 obiectum
1018 1380 1156 1404 verum
1190 1366 1416 1403 intellectus
1449 1374 1507 1402 est
1529 1378 1681 1411 verum,
1715 1366 1825 1413 quod
1841 1375 1882 1397 20

513 1428 702 1477 primarie
718 1440 788 1476 per
807 1425 1149 1474 composicionem
1168 1434 1204 1461 et
1220 1423 1452 1461 divisionem
1471 1423 1824 1472 proporcionalem

513 1487 770 1534 importatur,
804 1486 912 1533 quod
935 1484 1137 1520 obiectum
1160 1495 1298 1520 verum
1321 1482 1376 1518 sic
1399 1482 1653 1530 propositum
1676 1480 1825 1529 signifi-

515 1554 649 1581 catum
703 1552 760 1580 est
811 1542 989 1590 supremi
1045 1543 1205 1589 gradus,
1267 1540 1586 1588 correspondens
1638 1551 1825 1587 supreme

514 1602 654 1639 unioni
686 1600 935 1648 intellegibili
968 1600 1008 1636 in
1039 1600 1126 1648 ipsa
1158 1611 1212 1635 re.

237 1666 471 1708 ¹Correspond-
573 1662 621 1696 Et
653 1661 725 1696 hec
757 1659 899 1706 triplex
930 1657 1025 1694 unio
1064 1655 1333 1704 intellegibilis
1372 1664 1410 1692 et
1441 1654 1583 1703 triplex
1622 1654 1822 1691 obiectum
1843 1656 1881 1688 25

237 1703 494 1772 1ng1>trbxiasssegsltnow
514 1731 650 1756 verum
717 1717 1035 1765 correspondens
1104 1715 1178 1752 sibi
1245 1713 1392 1762 poterit
1454 1712 1510 1750 sic
1570 1712 1824 1761 perswaderi.

515 1776 742 1813 Intellectus
775 1776 987 1820 humanus,
1026 1773 1256 1810 inchoando
1296 1771 1574 1820 cognicionem
1608 1784 1721 1807 suam
1755 1783 1826 1819 per

230 1843 249 1870 Ι.
268 1844 301 1871 In
320 1840 498 1881 aconfused
517 1843 669 1871 motum
694 1832 887 1881 simplicis
911 1831 1255 1880 apprehensionis,
1289 1829 1421 1878 primo
1451 1829 1719 1877 apprehendit
1742 1841 1825 1864 rem

243 1877 301 1905 and
323 1876 480 1948 rggbenmte
515 1894 587 1929 sub
622 1904 705 1929 esse
739 1892 1044 1940 quodammodo
1079 1890 1245 1926 confuso
1280 1897 1316 1924 et
1349 1887 1674 1933 indeterminato,
1715 1886 1825 1923 labili

516 1959 554 1987 et
605 1949 747 1995 fluid03
810 1957 846 1985 et
898 1948 953 1985 sic
1013 1947 1294 1996 cognoscendo
1354 1958 1437 1982 esse
1490 1945 1546 1981 rei
1598 1944 1826 1981 inchoative
1844 1946 1885 1978 30

516 2007 723 2056 cognoscit
760 2007 839 2043 tale
878 2018 961 2042 esse
1002 2006 1059 2042 rei
1097 2018 1178 2041 non
1210 2016 1326 2053 posse
1360 2016 1443 2040 esse
1476 2003 1559 2040 sine
1592 2015 1662 2039 sua
1694 2002 1827 2050 prima

516 2065 747 2102 duracione.
782 2067 883 2101 Ecce
915 2064 1077 2100 infimus
1110 2064 1257 2111 gradus
1290 2061 1450 2098 unionis
1482 2070 1519 2097 et
1552 2060 1699 2097 obiecti
1731 2060 1825 2097 veri.

267 2131 357 2159 11.1n
379 2130 458 2158 their
574 2125 759 2160 Secundo
788 2123 1013 2159 intellectus
1044 2119 1308 2170 apprehendit
1338 2132 1421 2156 rem
1452 2118 1603 2155 noticia
1632 2117 1826 2166 simplicis

227 2165 500 2230 ᾗξέῐῐέῗιῇῗὲέἒξ
517 2181 847 2230 apprehensionis
892 2182 964 2216 sub
1010 2192 1093 2216 esse
1132 2179 1263 2224 firmo,
1303 2177 1435 2214 stabili
1475 2177 1640 2225 aliquali
1679 2176 1826 2225 quiete,

516 2240 669 2276 scilicet
698 2239 1039 2287 apprehendendo
1068 2250 1150 2274 rem
1183 2238 1254 2273 sub
1286 2237 1407 2272 modo
1431 2235 1590 2272 habitus
1623 2243 1660 2271 et
1684 2233 1884 2283 quietis35

517 2307 554 2334 et
587 2297 851 2334 determinate
890 2294 1233 2344 apprehensionis,
1275 2293 1447 2342 qualiter
1480 2292 1735 2341 cognoscitur
1767 2304 1828 2328 res

516 2356 557 2392 in
615 2368 685 2392 sua
738 2354 968 2391 substancia
1021 2366 1111 2390 cum
1165 2351 1391 2400 quantitate
1451 2350 1678 2387 essenciali:
1738 2362 1828 2386 ecce

517 2415 713 2450 secundus
747 2413 892 2460 gradus
925 2411 1085 2447 unionis
1109 2409 1390 2457 intellegibilis,
1415 2418 1457 2445 ut
1480 2417 1577 2456 puta
1601 2407 1829 2444 substancie

518 2485 608 2508 cum
654 2469 861 2507 essenciali
901 2469 1109 2517 qualitate.
1158 2470 1206 2505 Et
1245 2467 1308 2503 hic
1348 2468 1490 2504 modus
1531 2474 1587 2502 est
1626 2465 1827 2502 obiectum

519 2528 639 2565 medii
672 2530 831 2576 gradus.
1842 2533 1888 2564 40

229 2595 280 2633 111.
302 2594 497 2634 Cognpletely
575 2586 719 2623 Tercio
759 2583 1076 2633 apprehenditur
1114 2596 1175 2620 res
1214 2584 1263 2619 ab
1308 2583 1416 2618 intus
1455 2593 1600 2629 cogrue
1639 2581 1828 2628 perfecta,

246 2629 487 2691 {lffihfgfatki'gknsg
519 2644 670 2681 scilicet
723 2643 1064 2691 apprehendendo
1117 2653 1200 2677 rem
1261 2642 1332 2677 sub
1386 2641 1509 2676 modo
1562 2637 1830 2686 cognoscendi

520 2701 722 2738 assensivo
761 2709 798 2736 et
839 2699 1042 2744 assertivo,
1089 2711 1165 2747 que
1205 2697 1472 2746 apprehensio
1513 2705 1570 2732 est
1610 2695 1831 2743 perfeccior

520 2759 660 2813 primis
694 2760 860 2806 duabus,
895 2770 984 2796 cum
1018 2756 1209 2793 unionem
1244 2764 1458 2805 utramque
1489 2754 1687 2790 includat:
1728 2755 1829 2790 Ecce
