2056 3234
211 202 300 230 CAP.
320 202 402 231 xvi.
548 205 607 236 DE
633 205 755 237 ENTE
782 203 1201 237 PREDICAMENTALI.
1733 198 1804 244 143

211 310 266 346 sic
290 311 401 346 tarde
426 318 618 355 movetur,
653 309 742 346 ideo
771 309 929 345 realiter
950 309 1081 345 nullus
1115 317 1260 354 motus,
1294 309 1520 357 specialiter

210 368 251 404 in
294 367 529 416 quantitate,
575 367 831 415 componitur
875 379 919 402 ex
962 366 1041 402 suis
1084 366 1264 414 partibus
1303 366 1519 414 intensivis‚

211 434 249 462 et
280 437 351 473 per
383 437 630 473 consequens
669 438 750 461 non
790 432 848 461 est
885 424 1102 472 parcienda
1135 424 1398 472 appropriata
1429 438 1521 473 pars

212 491 343 519 motus
366 484 462 528 Deo,
497 495 618 531 quam
651 495 731 519 non
763 482 951 530 producit
983 482 1143 522 mobile.
1179 484 1255 518 Ista
1276 482 1339 518 via
1365 491 1522 519 tenetur

179 540 480 577 §communiter
511 549 718 588 tamquam
750 540 983 588 oppositum
1016 539 1163 576 heresis
1196 540 1424 588 derogantis
1452 553 1522 588 po-

210 598 339 635 tencie
372 597 502 634 divine
534 598 702 634 infinite.

268 657 344 692 Sed
378 665 515 692 contra
546 655 664 692 istam
688 655 756 692 sic.
791 656 921 700 Quam
945 654 1117 691 limitata
1140 663 1197 691 est
1220 654 1354 703 aliqua
1377 664 1521 692 natura
1562 697 1567 702 ,
1615 662 1728 699 Reply:

211 722 344 750 creata
393 714 443 750 ad
492 713 867 750 denominacionem
914 713 975 749 vel
1024 712 1144 749 finem
1193 711 1382 760 aliquem,
1437 721 1519 750 tam
1545 703 1800 761 ῗῗξῖῑξζῇἶῗῖῗ

209 771 380 807 limitata
424 779 481 807 est
524 771 700 819 quelibet
736 769 921 818 potencia
959 769 1088 806 activa
1127 778 1260 806 creata
1297 771 1347 807 ad
1387 780 1519 807 actum
1561 768 1675 795 certain
1696 768 1783 803 ends,

156 843 194 864 10
209 841 343 875 suum;
383 830 452 864 sed
491 829 614 865 multe
651 837 792 865 nature
831 836 962 864 create
994 836 1085 864 sunt
1123 827 1293 864 limitate
1325 829 1376 864 ad
1408 828 1518 875 fines,
1535 802 1810 871 poigeeirisaiitssiieied

208 886 313 923 ultra
335 899 434 934 quos
455 899 536 922 non
559 894 725 934 possunt
757 887 804 922 de
837 885 914 922 alia
946 885 1150 933 potencia3
1184 897 1278 934 ergo
1310 898 1382 933 per
1412 886 1518 922 idem
1569 875 1600 898 ‘⁰
1616 871 1775 933 &affrae

210 953 246 980 et
279 943 454 992 quelibet
486 943 674 992 potencia
707 943 837 980 activa
877 952 1010 980 creata
1050 952 1107 979 est
1144 943 1200 979 sic
1232 943 1405 980 limitata
1438 956 1517 992 quo
1586 940 1759 1009 Ρᾷᾗῐέξξοξξξ

209 1002 259 1038 ad
310 1010 443 1038 actum
495 1014 624 1038 suum.
684 1000 985 1050 Consequencia
1035 1009 1145 1049 patet
1194 1014 1264 1049 per
1314 1002 1447 1038 locum
1499 1014 1521 1038 a
1552 1010 1796 1045 suppositionis

209 1059 423 1095 sufficienti
468 1058 744 1105 similitudine,
790 1059 892 1095 sicut
936 1067 973 1095 et
1018 1058 1150 1095 minor
1199 1068 1418 1107 assumpta.
1472 1061 1521 1095 Et
1612 1053 1731 1080 wrong.

157 1116 341 1153 15min0r
384 1125 495 1165 patet
538 1116 627 1162 illis,
679 1116 745 1165 qui
791 1117 929 1153 dicunt
972 1115 1012 1152 in
1062 1116 1208 1153 talibus
1259 1115 1520 1153 divisionibus

209 1174 394 1223 potencie
437 1174 719 1211 affirmativam
767 1176 814 1211 de
865 1174 1051 1211 maximo.
1106 1173 1300 1211 Similiter
1344 1174 1520 1223 quelibet

210 1232 397 1281 potencia
429 1232 558 1269 activa
591 1241 648 1268 est
680 1245 725 1269 eo
758 1232 957 1268 intencior
989 1244 1067 1280 quo
1100 1232 1189 1280 plus
1222 1240 1354 1280 potest
1378 1232 1520 1279 active,

210 1292 278 1326 sed
310 1292 529 1326 secundum
562 1289 678 1326 istam
712 1290 818 1326 viam
852 1289 1029 1338 quelibet
1062 1289 1234 1338 qualitas
1267 1291 1314 1326 de
1346 1291 1521 1327 secunda

209 1347 340 1396 specie
378 1347 585 1396 qualitatis
623 1347 825 1384 infinitum
868 1355 1000 1396 potest
1037 1359 1117 1383 non
1156 1356 1415 1396 augmentata
1448 1360 1521 1384 nec

154 1418 195 1439 20
212 1405 428 1451 diminuta;
462 1417 555 1453 ergo
588 1414 646 1442 est
677 1405 877 1441 infinitum
911 1404 1080 1452 intensa,
1113 1413 1150 1441 et
1179 1418 1248 1453 per
1272 1418 1520 1453 consequens

209 1476 324 1500 suum
343 1463 564 1499 subiectum
585 1472 642 1499 est
666 1464 884 1499 secundum
909 1462 1040 1510 ipsum
1070 1462 1271 1499 infinitum
1292 1471 1452 1511 potens;
1476 1472 1519 1499 ut

209 1521 241 1557 si
265 1521 407 1557 albedo
430 1520 514 1557 sine
536 1520 760 1557 intensione
789 1521 991 1557 sufficeret
1013 1520 1275 1557 denominare
1293 1520 1517 1558 subiectum

208 1578 410 1614 infinitum
443 1578 598 1615 intense
630 1578 765 1615 album
788 1578 849 1615 vel
877 1577 1079 1614 infinitum
1108 1578 1323 1615 immutare
1345 1591 1518 1625 sensum,

210 1645 310 1673 esset
341 1635 544 1672 infinitum
577 1636 746 1673 intensa.
778 1636 904 1672 Aliter
927 1635 1033 1672 enim
1059 1636 1169 1672 nulla
1192 1636 1362 1684 qualitas
1385 1645 1520 1684 posset

153 1696 192 1728 25
210 1706 293 1730 esse
314 1693 624 1730 instrumentum
649 1693 792 1742 agendi
814 1693 875 1730 sui
897 1693 1065 1730 subiecti
1087 1695 1307 1730 secundum
1330 1694 1517 1730 ultimum

209 1763 277 1788 sue
315 1751 513 1800 potencie,
566 1751 759 1788 Similiter
796 1750 902 1788 iuxta
940 1751 1057 1788 istam
1095 1751 1200 1788 viam
1239 1764 1320 1788 non
1358 1761 1519 1800 oportet

209 1822 357 1858 ponere
400 1809 576 1858 aliquam
622 1810 857 1857 qualitatem
907 1808 1060 1846 intendi
1102 1810 1163 1845 vel
1211 1809 1375 1856 remitti,
1424 1822 1518 1858 ymo

208 1867 359 1904 nullam
383 1867 511 1904 inesse
534 1866 714 1904 subiecto
747 1880 821 1915 pro
854 1867 1017 1903 accione
1050 1866 1314 1915 perficienda;
1347 1880 1440 1903 nam
1475 1880 1518 1904 ex

207 1925 434 1962 intencione
472 1925 724 1973 operacionis
761 1924 904 1961 sentite
941 1938 1020 1961 non
1060 1925 1240 1974 sequitur
1282 1925 1519 1962 naturaliter

152 1986 194 2019 30
208 1982 378 2020 intensio
411 1984 539 2019 forme
571 1981 853 2031 principiantis
885 1982 1190 2030 operacionem3
1224 1991 1361 2019 tamen
1386 1992 1518 2031 potest

208 2053 303 2086 esse,
338 2042 446 2089 quod
479 2043 584 2077 Deus
617 2040 846 2077 eternaliter
877 2040 1016 2076 statuit
1048 2040 1250 2077 efficacius
1280 2053 1518 2078 concurrere

209 2111 297 2135 curn
338 2098 515 2135 subiecto
554 2097 638 2134 sine
678 2098 845 2135 dacione
882 2098 1010 2134 forme
1041 2099 1102 2134 vel
1145 2098 1223 2134 fine
1260 2098 1516 2144 intensionis;

208 2155 296 2205 quis
319 2168 412 2204 ergo
435 2156 522 2202 scit,
555 2155 586 2192 si
610 2158 715 2192 Deus
744 2155 799 2192 sic
830 2155 948 2192 facit?
980 2157 1061 2192 Nec
1092 2156 1197 2192 valet
1229 2155 1374 2203 dicere,
1408 2158 1517 2205 quod

207 2222 341 2262 preter
374 2226 630 2251 communem
664 2226 825 2249 cursum
860 2221 928 2260 est,
962 2214 1069 2262 quod
1092 2216 1196 2250 Deus
1219 2213 1275 2250 sic
1299 2214 1515 2261 concurrit,

151 2272 190 2307 35
208 2271 301 2319 quia
345 2284 388 2308 ex
432 2271 554 2308 dubio
604 2270 855 2320 cuicumque,
907 2270 974 2319 qui
1026 2283 1107 2307 non
1159 2280 1215 2308 est
1266 2271 1516 2308 consiliarius

197 2329 292 2375 Dei,
338 2331 443 2366 Deus
481 2329 625 2366 rariter
662 2328 801 2365 statuit
845 2328 900 2365 sic
945 2341 1182 2365 concurrere
1228 2328 1312 2365 sine
1348 2329 1516 2366 dacione

207 2387 347 2434 forme,
378 2396 415 2424 et
437 2387 494 2424 sic
515 2387 615 2423 nulli
638 2386 777 2423 tribuit
800 2395 1040 2434 potestatem
1065 2386 1282 2435 quicquam
1305 2387 1516 2424 arbitr-arie

74 2444 377 2487 F.224faciendi
414 2446 476 2482 vel
515 2444 709 2481 miracula
747 2453 814 2481 aut
852 2444 948 2481 talia
986 2457 1238 2493 quecumque
1277 2441 1513 2498 operandi,{

207 2515 297 2538 cum
336 2503 420 2551 ipse
458 2511 589 2550 potest
629 2514 867 2538 concurrere
906 2515 996 2538 cum
1037 2515 1292 2551 quacumque
1331 2512 1515 2540 creatura

148 2560 290 2602 4osine
334 2560 501 2596 dacione
546 2559 839 2608 disposicioniS‚
891 2559 1099 2607 potestatis
1142 2560 1203 2596 vel
1246 2559 1417 2608 virtutis,
1463 2569 1514 2607 et,

207 2626 578 2666 quantumcumque
610 2626 751 2666 potens
784 2617 938 2665 aliquid
969 2617 1100 2663 fuerit,
1141 2617 1223 2665 ipse
1261 2626 1393 2665 potest
1424 2620 1515 2654 sub-

207 2676 365 2712 trahere
398 2688 636 2712 concursum
671 2688 800 2721 suum,
835 2676 941 2723 quod
974 2674 1104 2723 ipsum
1130 2675 1198 2711 fiat
1220 2676 1515 2723 quantumlibet

276 2819 318 2847 32.
340 2822 405 2854 linc]
427 2823 512 2850 cod..·
538 2822 613 2848 sine.
684 2829 732 2855 42.
756 2821 852 2849 Cod.:
877 2829 895 2855 q
916 2803 979 2855 stim
1001 2829 1036 2856 ep
1058 2812 1106 2855 ipe
1126 2820 1186 2847 fiat.
