2056 3234
228 151 302 187 186
954 156 1178 188 JOHANNIS
1204 156 1372 187 WICLIF
1636 154 1724 182 cArz
1748 154 1825 182 x1x.

509 262 679 311 pliciter,
731 262 800 298 sed
843 262 998 310 fugaret
1042 263 1141 299 illud
1181 275 1203 298 a
1240 261 1420 298 subiecto
1464 262 1681 310 recipiente
1726 262 1825 299 illud

508 328 805 358 sacramentum
848 328 886 356 et
916 332 998 356 non
1032 332 1078 357 eo
1111 319 1244 356 minus
1282 319 1385 356 foret
1423 328 1623 356 servatum
1657 319 1699 356 in
1731 320 1825 367 alio,

509 387 545 416 et
577 378 633 415 sic
673 379 721 415 de
761 377 897 414 multis
936 377 1157 427 principiis.
1200 378 1316 424 Ymo,
1361 390 1452 414 cum
1493 386 1704 425 peccatum
1743 390 1826 415 non

508 436 558 473 sit
601 435 678 473 nisi
725 444 952 472 creaturam
1006 436 1252 472 racionalem
1305 447 1487 484 peccare,
1540 444 1663 483 patet,
1716 437 1825 484 quod

510 494 681 531 miratur
713 493 1031 530 admiracionem
1066 493 1248 530 subiecti.
1842 496 1858 529 5

245 561 340 590 Some
360 566 407 597 try
427 565 459 588 to
566 552 642 589 Hic
685 560 777 588 sunt
824 552 950 588 multa
993 550 1253 599 subterfugia,
1299 560 1342 587 ut
1387 550 1454 587 alii
1492 560 1641 599 negant
1685 563 1825 588 omnes

235 596 469 666 dpffissduqtitgisesgy
509 609 740 647 huiusmodi
773 609 1020 656 locuciones,
1054 608 1236 658 quamvis
1258 608 1338 646 sint
1361 608 1563 646 autentice
1586 617 1623 645 et
1644 609 1824 657 wlgares,

263 665 388 728 Ἶξῐξῑῑξέ
408 666 444 728 <gf
508 667 575 705 alii
600 676 852 716 componunt
874 669 1007 713 verba,
1043 667 1341 716 quantumlibet
1372 666 1504 704 varias
1526 666 1650 704 rimas
1672 667 1824 704 solutas

326 709 345 736 g
387 709 433 736 ς’
506 727 727 775 querendo,
759 734 802 762 ut
835 727 1040 773 quondam
1076 725 1268 772 dixeram,
1307 724 1580 774 privacionem
1616 737 1699 762 esse
1732 737 1824 762 eau-

505 797 590 821 sam
626 783 711 820 fieri
745 783 814 829 rei,
859 784 928 820 sed
967 797 1048 820 non
1088 796 1251 820 causam
1293 783 1363 829 rei,
1410 792 1447 820 et
1479 782 1535 819 sic
1573 783 1703 819 solum
1743 784 1883 820 duom

503 841 701 890 principia
736 841 792 878 rei
825 840 1045 878 intrinseca
1077 850 1170 878 sunt
1202 842 1350 879 danda.
1385 842 1468 878 Nec
1502 840 1731 878 ambulacio
1765 850 1823 878 est

504 913 624 937 causa
664 899 841 936 efficiens
879 899 1074 946 sanitatis,
1119 912 1193 936 nec
1231 899 1381 936 sanitas
1420 908 1478 936 est
1517 911 1638 936 causa
1678 898 1821 946 finalis,

503 959 572 995 sed
618 957 712 1006 quia
757 957 902 1006 aliquis
947 957 1186 1003 ambulabit,
1234 957 1309 994 erit
1347 969 1480 1003 sanus,
1528 966 1565 994 et
1603 957 1694 993 ideo
1733 957 1822 1006 quis

503 1015 726 1053 ambulabit
763 1024 806 1051 ut
839 1015 909 1052 fiat
947 1028 1081 1062 sanus,
1116 1025 1152 1052 et
1184 1015 1239 1052 ita
1273 1016 1322 1052 de
1353 1015 1566 1052 similibus.
1610 1017 1693 1052 Nec
1732 1028 1822 1064 pec-

503 1082 637 1110 catum
662 1072 783 1122 primi
807 1073 984 1121 parentis
1007 1073 1080 1110 fuit
1113 1086 1235 1111 causa
1268 1073 1424 1122 peccati
1458 1072 1551 1120 mei,
1585 1074 1656 1110 sed
1680 1086 1816 1121 causa,
1841 1075 1877 1108 15

502 1144 626 1180 quare
659 1140 870 1179 peccatum
906 1144 1039 1168 meum
1073 1131 1147 1169 fuit
1178 1132 1240 1168 vel
1273 1132 1367 1178 erit,
1401 1131 1457 1168 sic
1490 1131 1596 1168 enim
1631 1144 1820 1179 rogamus

502 1189 707 1227 Christum
752 1202 823 1238 per
861 1189 1107 1238 passionem,
1156 1199 1328 1227 mortem
1362 1198 1399 1226 et
1432 1198 1544 1226 aetus
1577 1202 1670 1226 suos
1704 1189 1821 1226 meri-

501 1247 627 1285 torios
651 1246 842 1284 miserere
865 1248 1005 1295 nostri,
1039 1261 1119 1285 non
1144 1249 1254 1297 quod
1287 1247 1341 1285 ibi
1375 1256 1487 1284 actus
1520 1256 1624 1293 sunt,
1658 1249 1727 1284 sed
1749 1260 1820 1296 per

501 1305 811 1355 pretericionem
848 1318 1004 1353 eorum,
1037 1315 1075 1343 et
1107 1306 1161 1343 ita
1196 1307 1244 1343 de
1277 1305 1476 1355 quotlibet
1508 1305 1728 1342 fastidiosis
1761 1306 1818 1342 in-

225 1372 306 1400 Such
328 1372 471 1400 evasione,
501 1363 792 1401 tricacionibus
823 1366 1054 1410 Verborum.
1100 1367 1201 1401 Nam
1237 1364 1269 1401 si
1302 1363 1482 1413 privacio
1520 1364 1649 1400 forme
1686 1364 1818 1413 requi·
1834 1374 1877 1396 20

250 1415 301 1434 are
321 1408 448 1441 useless,
502 1422 603 1459 ritur
633 1431 844 1471 tamquam
879 1435 1001 1459 causa
1031 1422 1310 1470 generacionis
1342 1421 1412 1468 rei,
1447 1430 1484 1459 et
1506 1421 1573 1459 illa
1605 1421 1818 1470 generacio

255 1442 338 1469 since
358 1442 442 1469 what

223 1477 475 1512 causesathing
502 1489 560 1517 est
599 1493 719 1518 causa
757 1480 828 1527 rei,
876 1480 1071 1529 sequitur,
1120 1482 1228 1529 quod
1273 1479 1453 1529 privacio
1493 1488 1568 1517 etc.
1608 1480 1658 1517 sit
1697 1492 1818 1518 causa

238 1512 384 1586 gguggiasf
397 1512 451 1574 iffi
501 1538 571 1575 rei.
616 1540 731 1575 Patet
764 1538 1060 1588 consequencia
1092 1551 1164 1587 per
1196 1540 1272 1576 hoc
1304 1537 1564 1587 principium.
1611 1537 1817 1587 Quidquid

295 1581 391 1617 thmg.
501 1605 559 1634 est
603 1609 725 1633 causa
773 1609 906 1642 cause,
961 1606 1019 1633 est
1072 1609 1193 1634 causa
1245 1597 1412 1634 causati.
1466 1598 1514 1633 Et
1557 1596 1590 1632 si
1633 1605 1815 1644 negetur,

499 1655 806 1703 generacionem
847 1667 931 1692 esse
970 1668 1133 1692 causam
1172 1654 1364 1703 generati,
1409 1654 1618 1703 peridem
1659 1655 1814 1703 regula·
1832 1660 1872 1693 25

499 1713 595 1749 riter
633 1714 862 1761 negandum
905 1722 1008 1750 esset
1046 1726 1163 1761 posse
1202 1726 1287 1750 esse
1319 1713 1498 1761 aliquam
1534 1725 1696 1749 causam
1731 1712 1815 1749 effi-

497 1771 669 1808 cientem
716 1770 886 1808 alicuius
931 1771 1118 1809 factibilis
1163 1769 1397 1818 successive,
1446 1770 1540 1819 quia
1583 1783 1665 1808 non
1710 1779 1812 1808 esset

496 1829 587 1865 talis
611 1841 732 1866 causa
761 1825 765 1882 Ι
796 1829 986 1875 efficiens,
1020 1829 1095 1866 nisi
1128 1838 1171 1866 ut
1203 1829 1425 1866 successive
1459 1828 1581 1866 efficit
1613 1837 1651 1865 et
1683 1837 1726 1865 ut
1758 1828 1815 1865 sic
1831 1835 1951 1868 F.235

495 1886 593 1923 illud
639 1896 849 1924 causatum
887 1900 970 1924 non
1009 1896 1080 1934 est,
1124 1896 1167 1924 ut
1207 1887 1303 1924 dicit
1347 1886 1577 1936 responsio;
1624 1896 1662 1924 et
1694 1886 1725 1923 si
1758 1886 1814 1923 sic

494 1944 619 1981 nichil
664 1954 803 1982 causat
846 1945 993 1993 ipsum,
1043 1958 1136 1994 ergo
1176 1959 1198 1982 a
1236 1945 1371 1994 primo
1418 1954 1615 1993 repugnat
1659 1944 1812 1993 aliquid
1830 1953 1872 1986 30

496 2015 579 2039 esse
612 2003 878 2040 successivam
909 2016 1072 2040 causam
1097 2003 1336 2040 efficientem
1362 2002 1418 2040 sic
1441 2002 1669 2049 causabilis,
1703 2001 1811 2051 quia,

496 2060 528 2097 si
562 2070 620 2098 est
654 2074 774 2098 causa
809 2061 985 2098 efficiens
1018 2061 1138 2108 illius,
1173 2070 1232 2098 est
1264 2074 1385 2099 causa
1418 2060 1538 2108 illius,
1573 2069 1610 2097 et
1633 2060 1689 2098 sic
1711 2060 1810 2097 illud

246 2127 342 2166 Procyf
357 2127 438 2155 from
497 2127 705 2155 causatum
741 2128 811 2156 est.
846 2119 1053 2166 Similiter,
1089 2128 1132 2156 ut
1162 2119 1398 2156 Aristoteles
1432 2118 1711 2167 multipliciter
1744 2119 1811 2155 de-

263 2163 424 2190 Aristone.
495 2177 616 2223 ducit,
657 2186 817 2226 oportet
849 2177 1049 2226 principia
1083 2190 1167 2214 esse
1200 2177 1418 2224 contraria,
1452 2176 1604 2214 scilicet
1635 2177 1808 2213 formam

495 2244 532 2271 et
570 2234 842 2284 privacionem
883 2236 944 2272 vel
983 2235 1232 2284 oppositum,
1277 2245 1321 2272 ut
1358 2243 1469 2284 patet
1504 2235 1576 2272 500
1609 2243 1647 2271 et
1686 2234 1866 2281 infra;35

493 2294 562 2329 sed
607 2302 766 2330 constat
805 2293 836 2330 si
876 2302 967 2330 sunt
1012 2293 1226 2338 contraria,
1272 2303 1369 2330 tunc
1413 2302 1525 2340 sunt3
1579 2305 1669 2329 cum
1716 2304 1809 2340 ergo

492 2360 693 2399 repugnat
725 2350 793 2388 illa
827 2363 911 2388 esse
944 2352 1077 2397 simul,
1111 2361 1235 2400 patet,
1276 2353 1384 2400 quod
1417 2359 1579 2400 oportet
1612 2349 1810 2399 privacio—

492 2420 582 2445 nem
617 2409 896 2458 temporaliter
929 2422 1012 2446 esse
1045 2418 1137 2447 ante
1169 2410 1356 2457 formam,
1390 2409 1502 2447 cuius
1525 2417 1583 2446 est
1615 2407 1808 2457 privacio.

491 2468 573 2503 Nec
604 2468 710 2504 valet
744 2467 876 2504 dicere
908 2469 1015 2516 quod
1051 2476 1166 2504 erunt
1199 2467 1415 2514 contrarie,
1461 2466 1555 2515 quia
1593 2475 1689 2503 tunc
1728 2478 1809 2502 una

561 2600 600 2627 18.
623 2608 684 2627 non
705 2600 798 2635 quod]
820 2601 909 2628 cod.:
938 2609 967 2636 q,
989 2608 1031 2636 q‚.

562 2684 616 2717 33.
650 2684 704 2726 Cf.
730 2684 832 2716 Arist.
859 2685 935 2716 Nat.
961 2685 1065 2716 Ausc.
1092 2685 1103 2716 Ι
1133 2684 1161 2724 5,
1188 2695 1208 2728 9
1235 2685 1358 2726 (sectio
1383 2687 1434 2716 50
1466 2686 1500 2718 in
1533 2685 1613 2718 edd.
1640 2690 1725 2724 ant„
1752 2686 1805 2718 ed.

493 2730 576 2762 Par.
597 2730 635 2762 II
651 2731 734 2770 255,
754 2732 795 2761 21
811 2731 898 2773 sq.).·
927 2729 1012 2762 “On
1042 2728 1107 2773 μὲν
1131 2727 1197 2763 οὖν
1221 2727 1387 2770 ἐναντίας
1411 2731 1468 2764 δεῖ
1491 2729 1555 2770 τὰς
1579 2729 1690 2774 ἀρχὰς
1715 2726 1807 2764 εἶναι

492 2773 661 2818 φανερόν.
693 2776 777 2808 Vide
802 2786 911 2820 supra
933 2787 1020 2820 pag.
1046 2779 1128 2810 184.
