2056 3234
212 199 399 226 CAf‘.X1X.
539 203 597 233 DE
624 202 745 233 ENTE
774 201 1192 232 PREDICAMENTALI.

210 320 315 344 nunc
355 316 443 355 post
481 307 587 343 idem
631 319 790 354 semper
822 306 914 351 erit3
963 319 1035 343 nec
1079 316 1169 344 ante
1213 308 1312 344 illud
1358 320 1516 355 semper

210 365 302 410 fuit;
337 378 428 413 ergo
462 364 677 401 conclusio.
712 366 813 401 Nam
847 363 878 400 si
901 366 1006 400 Deus
1038 377 1196 413 semper
1229 365 1315 411 erit,
1349 374 1444 401 tunc
1476 365 1516 400 in

209 423 319 460 omni
351 432 532 470 tempore
563 423 624 459 vel
655 421 818 458 instanti
852 421 938 458 erit.
979 424 1237 471 Consequens
1270 422 1517 470 impossibile

209 481 315 517 iuxta
354 479 409 516 sic
447 479 670 528 opinantes,
716 492 806 515 cum
851 488 945 515 tunc
984 492 1147 527 presens
1186 480 1337 516 instans
1375 480 1447 516 erit
1481 489 1517 516 et

177 539 570 585 5correspondenter
610 538 657 574 de
702 536 900 573 finicione.
947 539 1027 574 Nec
1069 538 1175 574 valet
1219 537 1363 582 dicere,
1409 539 1516 585 quod

210 598 314 632 Deus
359 595 448 631 ideo
492 607 650 642 semper
693 594 778 640 erit,
824 594 918 642 quia
956 594 996 631 in
1029 595 1139 631 omni
1184 594 1362 641 instanti,
1408 596 1517 643 quod

210 653 296 699 erit,
331 655 435 689 Deus
459 652 544 698 erit,
579 652 672 700 quia
695 652 891 700 peridem
926 654 1227 689 concedendum
1262 661 1376 699 esset,
1411 654 1517 701 quod

209 710 339 748 omnis
378 723 440 746 res
480 710 572 756 erit,
617 719 653 746 et
685 719 820 746 tamen
865 709 1019 746 infinite
1063 719 1154 747 sunt
1194 723 1268 756 res,
1316 722 1391 758 que
1436 723 1517 746 non

209 777 337 805 erunt.
382 769 529 804 Totum
575 776 708 804 autem
756 767 855 804 illud
898 767 1073 804 salvatur
1117 767 1223 804 iuxta
1276 768 1516 816 ampliantes

156 837 194 858 10
209 827 284 863 hoc
317 827 483 862 verbum
521 826 630 862 “est''
666 837 745 873 quo
778 826 827 861 ad
859 833 1030 872 tempus.

267 886 372 920 Deus
416 883 521 920 enirn
566 895 723 931 semper
766 882 851 928 fuit,
898 891 955 919 est
999 892 1037 919 et
1080 882 1167 928 erit,
1213 892 1251 919 et
1295 892 1430 919 tamen
1475 881 1515 918 in

209 942 317 977 nulla
355 950 468 989 parte
508 940 702 988 temporis
734 952 892 988 semper
925 949 996 987 est,
1041 941 1110 977 sed
1142 940 1183 976 in
1215 949 1301 977 toto
1334 950 1516 988 tempore

209 1008 358 1036 eterno.
405 1001 485 1035 Nec
524 1007 655 1046 potest
691 997 872 1035 desinere
910 998 970 1035 vel
1008 997 1183 1046 incipere
1223 1011 1380 1046 semper
1419 1010 1514 1043 esse,

208 1066 251 1093 ut
282 1057 451 1102 videtur,
496 1069 568 1093 nec
601 1055 799 1104 sequitur:
845 1055 885 1092 in
917 1055 1028 1092 omni
1066 1055 1245 1103 instanti,
1291 1058 1397 1093 Deus
1437 1068 1517 1092 non

157 1114 193 1147 15
209 1127 368 1163 semper
402 1123 472 1160 est,
506 1126 600 1162 ergo
632 1126 791 1162 semper
822 1126 903 1150 non
936 1122 1005 1160 est,
1039 1113 1134 1162 quia
1166 1123 1327 1162 oportet
1360 1126 1516 1162 capere,

209 1174 316 1221 quod
355 1172 396 1208 in
435 1172 545 1208 omni
583 1171 747 1208 instanti
785 1172 846 1207 vel
882 1181 1063 1219 tempore
1096 1173 1202 1208 Deus
1240 1185 1321 1208 non
1360 1184 1518 1220 semper

210 1239 280 1276 est,
314 1231 421 1278 quod
456 1239 512 1267 est
543 1230 688 1266 falsum
713 1242 785 1277 pro
810 1229 927 1266 unico
961 1238 1143 1277 tempore
1177 1239 1327 1266 eterno.
1361 1229 1518 1266 Scimus

208 1297 357 1334 tamen,
403 1288 512 1336 quod
549 1287 589 1323 in
627 1286 825 1334 scriptura
872 1296 908 1323 et
952 1286 1082 1323 modis
1126 1286 1317 1335 loquendi
1361 1299 1519 1335 semper

210 1345 317 1393 capit
350 1345 713 1389 modificacionem,
747 1353 789 1381 ut
811 1343 1044 1392 philosophi
1068 1343 1206 1381 dicunt
1240 1344 1519 1393 contingencia

154 1413 367 1452 20semper
406 1415 503 1449 esse,
548 1401 896 1450 subintelligendo,
941 1403 1102 1450 quando
1148 1412 1239 1438 sunt
1283 1415 1352 1439 sue
1399 1414 1519 1439 cause

209 1461 407 1509 complete
455 1459 719 1509 particulares
758 1459 798 1496 in
837 1469 943 1496 actu.
988 1461 1204 1508 Apostolus
1250 1460 1345 1497 dicit
1389 1460 1519 1508 prima

210 1520 259 1556 ad
290 1520 400 1555 Tess.
436 1522 503 1564 40:
553 1519 745 1565 „Semper
789 1530 878 1554 cum
913 1519 996 1554 Deo
1036 1517 1228 1564 erimus'',
1274 1517 1314 1554 id
1353 1527 1410 1554 est
1448 1530 1520 1565 per

209 1586 364 1625 tempus
408 1575 623 1621 infinitum,
671 1585 707 1611 et
750 1575 852 1612 infra
900 1577 943 1610 50
988 1575 1103 1611 dicit:
1160 1577 1365 1624 „Semper,
1412 1577 1519 1624 quod

208 1636 357 1671 bonum
392 1643 462 1681 est,
496 1632 733 1670 sectamini⁷'
768 1642 805 1669 et
839 1633 879 1669 in
911 1633 1021 1669 omni
1054 1642 1248 1682 tempore,
1289 1646 1368 1681 quo
1401 1646 1519 1681 opor-

152 1692 191 1724 25
207 1702 349 1729 tunum
373 1700 443 1728 est.
477 1690 670 1728 Similiter
694 1690 789 1727 dicit
812 1690 1007 1728 Dominus
1031 1690 1238 1740 discipulis
1256 1692 1398 1728 Matth.
1424 1692 1517 1727 260:

211 1752 404 1798 „Semper
426 1761 622 1797 pauperes
646 1748 843 1785 habebitis
865 1748 1115 1795 vobiscum'’,
1150 1749 1189 1785 id
1213 1758 1270 1785 est
1293 1750 1343 1785 ad
1365 1757 1516 1795 votum,

208 1809 547 1856 quandocumque
579 1806 692 1851 wltis,
740 1815 777 1843 et
813 1806 869 1843 ita
907 1807 1130 1855 supplenda
1167 1815 1224 1843 est
1264 1806 1519 1843 modificacio

208 1866 314 1902 iuxta
353 1864 595 1913 exigenciam
634 1863 777 1900 intenti
815 1864 1028 1912 loquentis.
1074 1866 1123 1901 Et
1156 1863 1519 1912 proporcionaliter

209 1925 256 1960 de
289 1936 361 1959 suo
396 1921 710 1959 contradictorio
744 1921 962 1970 aliquando
994 1934 1097 1968 non3
1136 1921 1267 1970 prima
1300 1921 1404 1958 enim
1439 1934 1520 1958 non

152 1980 193 2012 30
209 1980 510 2018 contradicunt:
545 1992 704 2027 semper
736 1992 873 2016 sumus
896 1981 1129 2027 gaudentes,
1165 1980 1320 2028 supple,
1355 1981 1519 2028 quando

208 2038 318 2075 racio
351 2038 481 2086 exigit,
516 2046 553 2074 et
585 2046 719 2074 tamen
751 2037 969 2085 aliquando
1001 2050 1082 2074 non
1116 2050 1253 2073 sumus
1286 2039 1519 2085 gaudentes,

208 2095 284 2132 nisi
337 2096 438 2132 forte
482 2095 537 2132 sic
582 2095 855 2132 modificetur:
911 2095 1141 2143 aliquando,
1197 2096 1357 2143 quando
1410 2094 1519 2131 racio

210 2153 339 2201 exigit,
372 2166 453 2190 non
485 2165 623 2189 sumus
655 2154 887 2201 gaudentes.

268 2213 382 2248 Unde
434 2210 614 2259 sophista
666 2219 830 2258 negaret
881 2210 976 2247 talia
1020 2211 1068 2247 de
1112 2210 1255 2246 virtute
1308 2209 1518 2255 sermonis,

154 2268 193 2303 35
210 2270 435 2305 concedens
487 2270 595 2317 quod
639 2270 746 2304 Deus
791 2268 1071 2315 contingenter
1115 2280 1274 2315 semper
1326 2276 1395 2314 est,
1451 2269 1519 2303 sed

187 2339 290 2363 <non
319 2326 631 2372 accidentaliter,
665 2339 756 2362 cum
790 2327 864 2362 hoc
898 2334 1028 2374 potest
1058 2338 1138 2361 non
1170 2325 1298 2362 inesse
1331 2324 1418 2371 sibi,
1451 2326 1520 2362 sed

210 2397 290 2421 non
323 2393 453 2431 potest
484 2386 622 2420 abesse
655 2392 692 2420 et
725 2385 875 2428 adesse,
922 2383 1164 2431 specialiter,
1211 2383 1242 2419 si
1275 2395 1357 2419 non
1389 2391 1520 2430 potest

211 2441 391 2478 desinere
425 2454 508 2478 esse
539 2450 710 2490 tempus.
744 2440 869 2477 Aliter
902 2440 1007 2477 enim
1040 2441 1129 2488 plus
1160 2449 1396 2489 sequeretur
1426 2441 1518 2477 hoc:

211 2499 358 2547 ubique
400 2508 470 2545 est,
517 2512 609 2547 ergo
649 2498 971 2535 immensitaliter
1010 2511 1089 2546 quo
1122 2500 1172 2535 ad
1205 2499 1352 2543 locum,
1399 2511 1519 2546 quam

152 2557 392 2605 4osequitur
436 2559 530 2594 hoc:
576 2569 734 2605 semper
779 2565 849 2602 est,
896 2569 988 2604 ergo
1033 2556 1235 2593 infinitum
1282 2555 1362 2592 diu.
1416 2558 1521 2592 Bene

213 2624 348 2652 tamen
380 2614 580 2663 sequitur:
627 2614 667 2651 Si
702 2615 778 2651 hoc
817 2626 974 2662 semper
1013 2622 1083 2660 est,
1128 2622 1224 2651 tunc
1262 2613 1317 2650 ita
1349 2613 1416 2650 diu
1450 2622 1520 2659 est,

285 2772 338 2794 22.
366 2763 392 2796 l.
424 2762 542 2794 Thess.
569 2764 603 2801 4,
633 2765 681 2794 16.
707 2762 878 2795 Domino.
905 2763 1007 2804 Vulg.
1129 2762 1182 2794 23.
1212 2761 1235 2792 Ι.
1267 2762 1381 2794 Thess.
1411 2764 1444 2800 5,
1470 2765 1522 2794 15.

177 2823 181 2825 ·
216 2808 268 2840 25.
297 2807 428 2839 Matth.
458 2810 513 2842 26.
539 2811 584 2840 11.

1728 195 1795 230 181

1555 880 1623 907 God
1647 889 1709 907 was
1729 880 1788 907 and

1536 916 1561 943 is
1581 915 1639 942 and
1662 915 1687 942 is
1708 920 1738 942 to
1760 916 1806 947 be,

1545 954 1593 986 yet
1614 954 1666 977 not
1685 950 1715 977 in
1736 958 1795 985 any

1567 989 1634 1018 part
1653 985 1688 1012 of
1704 984 1778 1011 time

1537 1020 1590 1047 but
1610 1020 1641 1047 in
1662 1020 1803 1055 eternity.
