2056 3234
218 208 306 236 CAP-
327 208 377 236 IX·
558 213 616 244 DE
643 212 764 244 ENTE
793 213 1217 246 PREDICAMENTALI.

220 316 523 364 immanentem,
557 327 600 354 ut
633 326 724 354 sunt
757 319 978 367 intelligere
1008 328 1044 355 et
1077 319 1236 366 sentire,
1266 334 1340 369 que
1363 333 1444 357 non
1467 330 1524 357 est

219 387 289 421 per
321 387 361 410 se
395 374 434 411 in
467 388 609 422 genere
643 376 831 423 accionis,
867 389 955 412 cum
981 390 1061 413 non
1089 377 1263 413 inferunt
1295 378 1522 426 passionem

220 431 399 478 subiecti,
440 432 479 468 in
513 435 620 481 quod
659 443 794 481 agunt,
835 436 903 470 sed
935 434 1075 482 pocius
1114 444 1278 472 econtra
1312 445 1524 472 moventur

218 497 286 525 aut
331 489 544 537 paciuntur
582 504 603 527 a
642 491 829 528 subiectis
875 491 1103 528 huiusmodi
1150 493 1378 536 accionem;
1432 493 1522 530 ideo

185 550 411 583 §vocantur
443 557 553 585 actus
576 548 862 595 immanentes,
897 558 933 585 et
957 549 1153 597 acciones,
1188 550 1401 587 inferentes
1434 564 1522 599 pas-

68 609 106 640 F.
126 604 347 651 209¹siones
388 618 553 642 suorum
593 607 864 644 subiectorum
911 607 1240 655 extrinsecorum,
1281 605 1285 661 Ι
1327 618 1523 645 vocantur

217 662 401 699 acciones
434 666 782 709 transcendente53
821 677 904 701 non
943 664 1046 701 enim
1088 666 1278 713 possibile
1319 675 1375 702 est
1415 679 1522 702 crea-

218 728 351 756 turam
399 721 614 770 quicquam
661 722 898 770 intelligere,
951 722 1027 758 nisi
1069 724 1213 760 habeat
1258 723 1522 770 intellectum,

216 777 435 815 terminans
459 788 593 816 actum
627 779 874 828 intelligendi
896 781 957 817 vel
990 783 1208 817 secundum
1241 794 1324 818 esse
1357 781 1523 818 existere

163 836 275 871 lovel
298 838 517 873 secundum
553 850 636 874 esse
660 837 923 885 intelligibile,
959 847 996 874 et
1020 838 1123 874 idem
1148 848 1343 875 vocarunt
1367 839 1520 887 antiqui

216 894 266 928 ad
289 906 412 929 unum
448 907 606 931 sensum
632 895 870 942 subiectum,
905 895 945 931 in
969 898 1077 943 quod
1101 896 1245 944 agitur.
1280 897 1390 933 Sicut
1415 897 1519 933 enim

216 959 272 986 est
312 952 455 999 duplex
495 954 589 989 dare
629 953 852 989 subiectum
893 952 1076 999 sciencie,
1123 966 1199 1002 que
1238 963 1294 990 est
1333 954 1519 1002 qualitaS,

215 1008 365 1045 scilicet
417 1010 689 1047 substanciam
736 1010 919 1056 sciencie,
973 1010 1013 1047 in
1061 1024 1139 1059 qua
1190 1021 1247 1048 est
1295 1012 1520 1048 formaliter

215 1066 443 1112 subiective,
479 1077 515 1104 et
549 1081 631 1104 rem
665 1068 821 1114 scitam,
864 1068 903 1103 in
936 1081 1015 1116 qua
1048 1078 1105 1105 est
1139 1069 1352 1106 causaliter
1384 1070 1520 1106 termi-

162 1124 359 1169 15native‚
394 1137 483 1161 cum
517 1125 691 1163 sciencia
724 1126 772 1162 sit
806 1127 856 1162 ad
879 1125 1044 1174 aliquid,
1078 1127 1134 1163 sic
1167 1136 1224 1163 est
1248 1129 1343 1163 dare
1376 1128 1520 1175 duplex

215 1182 437 1218 subiectum
481 1192 591 1220 actus
631 1183 885 1230 inmanentiS,
931 1183 1083 1220 scilicet
1126 1185 1237 1230 illud,
1278 1185 1317 1220 in
1350 1197 1430 1233 quo
1464 1194 1520 1221 est

213 1239 437 1277 formaliter
475 1250 512 1277 et
551 1241 804 1278 inmanenter
844 1254 972 1289 agere,
1018 1250 1061 1277 ut
1099 1251 1156 1278 est
1193 1251 1338 1279 natura
1378 1255 1519 1291 appre-

214 1298 392 1334 hendens
438 1308 474 1334 et
520 1298 629 1345 illud,
675 1299 715 1335 in
755 1312 834 1347 quo
874 1308 931 1335 est
970 1299 1165 1336 obiective
1205 1299 1432 1346 causaliter,
1477 1309 1519 1335 ut

214 1364 272 1391 est
305 1368 365 1392 res
389 1357 650 1404 apprehensa,
686 1366 722 1393 et
745 1357 879 1405 gracia
913 1356 1044 1393 dicere
1068 1357 1167 1393 illud
1198 1367 1365 1394 vocatur
1388 1358 1520 1394 obiec-

157 1427 198 1448 20
213 1421 297 1448 tum
332 1423 443 1450 actus
475 1414 536 1451 vel
569 1414 740 1460 habitus,
775 1416 843 1451 sed
876 1414 1051 1462 primum
1084 1424 1251 1452 vocatur
1283 1415 1519 1464 simpliciter

213 1470 450 1507 subiectum.
496 1473 800 1519 Verumtamen,
850 1485 939 1508 cum
981 1481 1168 1509 causatur
1216 1474 1265 1509 ab
1305 1475 1517 1519 ambobus,

212 1537 343 1575 potest
376 1538 594 1577 utrumque
625 1530 760 1567 vocari
793 1529 1032 1566 subiectum.

271 1588 351 1622 Nec
396 1596 557 1635 oportet
609 1587 751 1624 timere
797 1587 1014 1624 instancias
1066 1588 1321 1636 sophisticas,
1375 1588 1518 1636 quibus

213 1643 336 1691 aliqui
377 1654 548 1692 arguunt
582 1645 800 1682 chimeram
843 1655 881 1682 et
915 1647 1052 1691 multa,
1094 1658 1170 1694 que
1203 1659 1284 1682 non
1317 1655 1420 1691 sunt,
1462 1646 1520 1682 in-

155 1705 194 1737 25
212 1701 350 1749 telligi.
397 1702 474 1738 Alii
509 1702 646 1739 dicunt
679 1716 799 1739 omne
832 1703 1057 1751 intelligens
1092 1704 1245 1741 moveri
1278 1705 1327 1740 ab
1360 1703 1519 1740 obiecto

213 1759 437 1805 intellecto;
477 1769 514 1796 et
553 1760 679 1808 tercii,
720 1762 828 1810 quod
869 1761 999 1797 omnis
1039 1769 1152 1798 actus
1196 1761 1422 1798 immanens
1462 1771 1520 1798 est

209 1817 395 1864 qualitas,
430 1826 466 1854 et
495 1818 550 1854 sic
573 1831 634 1855 res
659 1819 856 1865 absoluta,
883 1832 960 1867 qua
985 1819 1244 1868 consequitur
1267 1819 1428 1857 relacio.
1460 1821 1517 1855 Ad

208 1874 383 1922 primum
419 1875 573 1912 dicetur
605 1876 708 1912 libro
742 1878 918 1913 secundo
955 1885 1129 1913 tractatu
1168 1876 1301 1925 primo
1342 1876 1519 1925 capitulo

207 1941 364 1980 quarto,
389 1935 496 1981 quod
520 1933 642 1970 nichil
665 1943 797 1983 potest
819 1934 1001 1982 intelligi,
1034 1934 1109 1970 nisi
1133 1936 1242 1983 quod
1265 1943 1398 1982 potest
1421 1947 1518 1980 esse,

142 1992 193 2026 '30
207 2003 317 2037 ymo,
346 1990 422 2027 nisi
456 1991 495 2027 id
528 1993 711 2028 absolute
743 1992 969 2029 necessario
1000 1994 1119 2028 habet
1153 2005 1236 2029 esse
1269 1992 1519 2040 intelligibile

207 2047 246 2083 in
279 2050 376 2084 Deo.
419 2050 508 2094 Quo
541 2051 591 2086 ad
631 2051 852 2086 secundum
886 2059 943 2086 est
983 2049 1241 2098 equivocacio
1274 2049 1315 2086 in
1347 2050 1519 2086 termino

207 2104 283 2141 isto
308 2106 471 2154 moveri,
502 2107 604 2144 sicut
627 2109 780 2144 Doctor
803 2108 1029 2143 profundus
1053 2107 1238 2144 concedit
1260 2107 1363 2144 libro
1387 2107 1519 2155 primo

207 2162 384 2211 capitulo
409 2194 416 2200 .
443 2194 449 2201 .
477 2194 483 2201 .
510 2194 517 2201 .
557 2165 797 2212 necessario,
839 2166 946 2214 quod
980 2167 1085 2202 Deus
1120 2173 1305 2202 movetur
1345 2167 1394 2201 ab
1435 2177 1518 2201 esse

275 2305 315 2328 ιο,
338 2306 371 2325 11,
393 2303 519 2326 vocarat
539 2284 588 2325 [ἆί
612 2287 694 2335 antiq
715 2299 781 2326 cod.
855 2297 896 2326 33.
919 2299 990 2326 Post
1010 2299 1146 2334 capitulo
1166 2299 1279 2326 lacuna
1300 2306 1380 2333 2—3
1400 2299 1519 2326 littera-

206 2340 271 2359 rum
292 2333 321 2359 7¹11
344 2333 410 2359 cod.

276 2403 328 2436 28.
359 2405 411 2448 Cf.
430 2405 558 2445 Wiclif,
592 2405 642 2437 De
668 2406 757 2437 Ente
788 2406 861 2437 sive
888 2406 1032 2437 Summa
1064 2405 1363 2445 Intellectualium,
1396 2405 1453 2436 lib.
1480 2405 1517 2444 H,

205 2450 318 2481 Tract.
343 2461 368 2482 1.
396 2451 469 2491 „De
495 2451 731 2483 Intellectione
756 2451 842 2483 Dei”
864 2452 1029 2493 (Slzirley
1054 2453 1075 2483 I.
1095 2461 1136 2489 c.,
1155 2461 1245 2494 pag.
1264 2453 1314 2492 3).
1389 2452 1442 2484 32.
1464 2453 1517 2494 Cf.

205 2495 365 2527 Thomae
396 2498 633 2529 Bradwardini
665 2497 927 2539 Archiepiscopi
956 2498 1212 2529 Cantuaricnsis
1238 2498 1290 2529 De
1317 2497 1429 2528 Causa
1455 2498 1518 2528 Dei

205 2549 323 2573 contra
349 2543 528 2584 Pelagium
555 2544 565 2574 Ι
591 2554 614 2584 4
639 2544 724 2584 (Ed.
744 2543 905 2582 Londini,
932 2554 980 2575 ex
998 2544 1144 2586 officina
1166 2543 1397 2575 Norhoniana
1416 2546 1518 2581 1613,

198 2599 236 2629 p.
262 2589 345 2628 195¹)
379 2589 412 2620 in
446 2599 513 2631 quo
545 2590 680 2630 capite.-
714 2589 841 2629 „Quod
877 2589 1031 2631 qualibet
1057 2596 1210 2621 creatura
1236 2595 1398 2620 movente
1424 2589 1518 2620 Deus

205 2635 400 2666 necessario
428 2635 648 2667 commovet''
676 2635 844 2678 inscripto
872 2637 1074 2678 respexisse
1100 2636 1245 2668 videtur
1269 2635 1392 2677 Wiclis
1411 2636 1517 2667 verba

204 2689 251 2711 ex
290 2682 458 2713 Averrois
500 2682 759 2714 commentario
802 2683 857 2714 De
899 2692 1019 2714 somne
1062 2686 1095 2713 et
1136 2682 1261 2724 vigilia
1304 2681 1517 2722 deprompta

203 2726 320 2766 „quod
353 2737 483 2759 causae
507 2729 718 2770 futurorum
753 2738 822 2760 non
857 2733 938 2760 sunt
964 2728 1195 2760 determinati
1219 2737 1293 2759 esse
1319 2727 1418 2768 apud
1445 2737 1517 2766 nos,

205 2772 278 2803 sed
322 2773 437 2814 apud
480 2778 683 2805 naturam
730 2774 1076 2812 intellectivam,
1115 2783 1137 2805 a
1174 2784 1242 2816 qua
1282 2782 1517 2814 quaecumque

205 2819 330 2860 ‘recipit
358 2823 491 2850 natura
517 2820 688 2852 sensibilis
714 2824 747 2851 et
773 2829 794 2851 a
822 2829 890 2862 qua
918 2819 1112 2853 movetur''.
