2056 3234
188 211 278 238 CAP-
300 210 379 238 XIX·
512 213 572 244 DE
598 213 722 244 ENTE
749 210 1169 243 PREDICAMENTALI.

189 318 382 367 inciperet
430 318 667 354 contrariari
712 316 838 363 alteri,
888 325 925 352 et
968 328 1039 364 per
1084 328 1331 364 consequens
1379 315 1497 351 simul

189 385 316 413 erunt.
367 378 414 412 Et
447 375 630 422 breviter,
677 386 765 411 curn
806 387 945 411 omnes
988 374 1116 410 forme
1161 373 1361 410 contrarie
1405 381 1497 408 nate

188 443 277 470 sunt
310 433 394 470 fieri
434 433 540 470 circa
578 433 699 479 idem,
745 440 855 480 patet
894 431 1146 480 generaliter,
1193 432 1300 480 quod
1339 438 1498 479 oportet

188 504 311 528 unum
346 490 643 528 contrariorum
678 502 761 527 esse
792 502 873 526 uno
908 499 1092 537 tempore
1125 497 1162 525 et
1195 488 1303 526 aliud
1335 488 1376 524 in
1398 497 1498 524 tem-

156 552 285 598 §pore
318 562 399 586 non
433 548 760 585 communicante
799 560 889 584 cum
924 547 1005 584 illo.
1049 549 1150 583 Nam
1185 547 1330 583 albedo
1363 545 1403 582 in
1435 558 1497 582 me

189 616 225 644 et
268 606 438 655 nigredo
485 606 525 643 in
569 619 635 643 sor
682 619 764 642 non
817 604 1130 650 contrariantur,
1184 603 1368 652 quamvis
1420 604 1498 639 sint

187 664 339 713 species
385 664 600 710 contrarie,
648 663 754 712 quia,
800 663 831 699 si
863 676 986 699 unum
1033 662 1327 699 contrariorum
1369 670 1426 697 est
1459 661 1498 697 in

187 731 291 767 actu,
337 730 497 770 oportet
542 721 741 770 reliquum
788 733 871 757 esse
904 720 943 756 in
977 729 1067 757 actu
1113 729 1294 768 tempore
1326 732 1411 765 suo,
1456 727 1499 755 ut

186 788 295 829 patet
319 807 530 816 .......
565 782 645 816 Nec
677 787 901 827 repugnant
932 778 1017 823 iste,
1053 790 1142 814 cum
1176 790 1257 814 non
1289 786 1379 813 sunt
1406 785 1497 813 nate

135 849 172 870 10
188 837 273 874 fieri
306 837 411 873 circa
444 837 564 874 idem.
611 836 804 873 Similiter
843 837 1183 884 quandocumque
1222 843 1279 871 est
1319 834 1403 871 fieri
1442 833 1497 870 rei

187 895 395 943 supposito
434 895 548 941 facte,
596 904 690 931 tunc
734 906 815 930 non
854 902 911 930 est
949 893 1127 942 privacio
1172 893 1300 929 forme
1333 905 1415 938 sue,
1461 900 1498 928 et

188 965 257 1001 per
296 965 546 1000 consequens
584 965 665 989 non
704 960 842 989 causat
881 951 966 988 fieri
1006 951 1183 988 eiusdem
1226 950 1282 987 rei
1316 959 1352 987 et
1384 950 1416 986 si
1449 949 1499 986 sit

189 1010 273 1047 fieri
318 1010 585 1046 successivum
630 1022 702 1058 per
746 1009 972 1058 partibilem
1026 1008 1308 1045 induccionem
1355 1008 1496 1052 forme,

188 1077 310 1117 patet,
346 1069 454 1117 quod
478 1081 551 1116 pro
574 1067 753 1116 quolibet
777 1067 941 1104 instanti
974 1066 1192 1103 intrinseco
1224 1065 1499 1114 generacionis

135 1126 268 1163 15non
302 1135 358 1162 est
391 1125 545 1174 integra
579 1125 756 1174 privacio
789 1125 930 1171 forme,
966 1137 1054 1161 cum
1090 1124 1157 1161 illa
1192 1123 1375 1161 educitur
1408 1136 1499 1171 pro-

187 1183 488 1232 porcionaliter,
533 1192 575 1219 ut
608 1184 737 1220 forma
776 1182 993 1229 inducitur,
1038 1195 1111 1219 nec
1144 1182 1278 1230 aliqua
1310 1181 1499 1229 parcialis

188 1241 367 1290 privacio
402 1250 458 1278 est
491 1254 611 1277 causa
644 1240 831 1289 parcialis
863 1239 1151 1288 generacionis,
1192 1239 1285 1288 quia
1318 1252 1407 1276 cum
1442 1238 1499 1274 in-

189 1299 285 1348 cipit
330 1298 593 1336 extrinsecum
642 1299 799 1335 efficere
843 1297 1148 1346 generacionem
1203 1297 1499 1346 quantumlibet

189 1358 309 1394 talem
344 1356 623 1402 successivam,
663 1366 758 1393 tunc
791 1356 936 1392 desinit
969 1358 1289 1404 correspondens
1321 1354 1498 1404 privacio

133 1425 174 1446 20
190 1427 285 1451 esse.
331 1416 420 1451 Non
460 1427 553 1462 ergo
593 1423 649 1450 est
688 1414 877 1462 possibile
922 1415 1028 1462 quod
1067 1413 1245 1462 privacio
1285 1412 1334 1449 sit
1379 1425 1499 1449 causa

190 1471 464 1520 generacionis
510 1472 686 1508 eiusdem
733 1472 872 1508 forme.
927 1474 1008 1508 Nec
1051 1473 1155 1508 valet
1200 1471 1344 1517 dicere,
1390 1471 1498 1519 quod

190 1529 377 1578 parcialis
416 1529 592 1578 privacio
631 1529 680 1566 sit
714 1542 831 1566 causa
870 1529 1145 1577 generacionis
1183 1528 1318 1566 totalis
1356 1528 1497 1574 forme,

190 1587 283 1636 quia
306 1587 361 1624 sic
384 1587 519 1624 totalis
547 1587 724 1636 privacio
757 1596 857 1624 esset
891 1600 1010 1624 causa
1043 1586 1177 1624 totalis
1209 1585 1498 1635 generacionis,

190 1658 278 1682 curn
318 1654 446 1682 totum
487 1654 623 1682 causat
662 1647 881 1682 secundum
922 1654 1091 1693 partem,
1139 1654 1175 1682 et
1207 1644 1262 1681 sic
1294 1657 1387 1693 pars
1419 1643 1499 1693 pri-

133 1704 171 1737 25
187 1703 364 1740 vacionis
397 1705 684 1751 correspondet
716 1703 819 1751 parti
852 1702 1125 1751 generacionis
1159 1712 1195 1739 et
1227 1711 1312 1738 tota
1344 1710 1440 1738 tote.

248 1761 423 1797 Ulterius
456 1770 578 1809 patet,
625 1762 732 1809 quod
766 1762 837 1797 hec
870 1761 1057 1798 veritates
1096 1760 1327 1797 huiusmodi
1365 1759 1498 1808 impli-

189 1827 330 1855 cantur
363 1827 502 1855 mutuo
535 1819 691 1855 causari
725 1831 767 1855 ex
800 1831 839 1855 se
873 1818 1046 1855 finaliter
1069 1827 1107 1855 et
1139 1818 1370 1863 efficienter,
1406 1830 1496 1854 cum

188 1876 283 1913 talia
298 1876 723 1924 sincathegorementa,
741 1876 833 1925 quia
850 1876 954 1922 ideo,
971 1885 1013 1913 ut
1028 1878 1244 1913 secundam
1269 1875 1496 1924 significant

188 1933 538 1970 circumstanciarn
585 1947 715 1979 cause,
761 1935 851 1970 ideo
895 1934 990 1970 talia
1035 1934 1141 1971 dicta
1183 1933 1377 1982 inplicant
1415 1946 1498 1970 arn-

131 1994 172 2026 30
188 1992 438 2028 bulacionem
477 1992 537 2028 vel
571 1992 653 2028 eius
685 1991 966 2028 futuricionem
1002 2004 1085 2028 esse
1118 2004 1278 2029 causam
1313 1990 1498 2028 sanitatis

186 2049 246 2085 vel
279 2049 361 2085 eius
400 2049 664 2086 futuricionis.
718 2049 889 2086 Facilius
934 2058 1067 2086 autem
1107 2049 1264 2086 videtur
1301 2048 1497 2085 sustinen-

187 2107 296 2153 dum,
331 2109 437 2155 quod
471 2107 699 2144 ambulacio
739 2107 812 2144 erit
845 2119 965 2144 causa
1003 2107 1200 2154 sanitatis,
1233 2120 1353 2155 quam
1388 2108 1496 2155 quod

186 2164 375 2201 futuricio
416 2165 488 2201 erit
528 2178 646 2202 causa
686 2164 950 2211 futuricionis,
996 2165 1089 2213 quia
1128 2164 1316 2202 futuricio
1361 2173 1497 2201 eterna

186 2235 267 2258 non
306 2222 462 2259 videtur
499 2224 645 2260 habere
684 2235 845 2259 causam
893 2223 1147 2270 efficientem,
1193 2232 1229 2259 et
1268 2222 1299 2259 si
1338 2224 1496 2267 habeat,

132 2279 263 2316 &nisi
297 2280 407 2317 accio
441 2281 625 2317 habuerit
660 2293 836 2326 causam,
870 2280 1004 2329 gracia
1029 2280 1140 2318 cuius
1163 2280 1242 2326 fiet,
1277 2280 1392 2317 aliter
1425 2279 1497 2316 erit

188 2338 354 2384 frustra3
399 2338 500 2375 sicut
533 2351 627 2386 ergo
661 2351 732 2387 ego
765 2339 943 2385 ambulo,
984 2347 1026 2374 ut
1058 2339 1227 2375 habeam
1268 2337 1495 2384 sanitatem,

188 2395 243 2431 sic
275 2396 503 2433 ambulacio
537 2409 624 2433 mea
657 2405 714 2433 est
747 2396 881 2444 gracia
913 2396 1115 2443 sanitatis;
1148 2396 1263 2433 aliter
1285 2395 1389 2432 enim
1415 2408 1496 2432 non

188 2462 245 2489 est
278 2453 445 2490 dicenda
478 2455 679 2502 completa
711 2453 906 2503 querenti,
940 2467 1064 2502 quare
1097 2454 1274 2491 ambulo.

248 2511 423 2548 Ulterius
458 2521 650 2559 quantum
676 2513 725 2548 ad
749 2521 958 2560 peccatum
993 2511 1185 2560 originale
1218 2512 1351 2557 cred0‚
1385 2513 1493 2559 quod

129 2580 306 2611 40nemo
352 2569 572 2606 catholicus
617 2571 737 2606 audet
782 2569 927 2616 dicere,
973 2571 1081 2618 quod
1125 2570 1235 2606 nulla
1279 2569 1493 2617 posteritas

257 2709 284 2736 9.
306 2701 377 2728 Posl
398 2706 478 2736 patet
497 2702 609 2729 lacuna
631 2704 663 2730 15
677 2702 756 2737 fere
776 2702 949 2729 lilterarmn
969 2703 998 2730 in
1020 2703 1086 2730 cod.
1159 2703 1204 2730 26.
1223 2702 1419 2746 Can-Aquod
1441 2703 1495 2730 hec

187 2747 343 2782 veritat053
365 2747 465 2775 delevi
482 2748 545 2775 hec.
610 2749 655 2776 28.
679 2748 773 2776 Confi:
793 2748 900 2776 slncata
920 2749 977 2784 9’a.
1040 2756 1087 2784 29.
1105 2749 1199 2777 Cod.:
1219 2748 1368 2785 implicat²
1388 2753 1495 2775 mutuo

198 2796 230 2804 Α

187 2809 247 2844 cari
268 2825 303 2843 ex
324 2825 355 2844 se
375 2816 445 2844 finar
460 2822 487 2844 et
502 2818 563 2844 effi*
578 2809 621 2844 css
636 2805 687 2844 tffi
708 2817 820 2845 sincatfl
839 2801 990 2846 {biacia-rh.

1709 199 1782 245 187

1578 838 1677 866 Cause
1697 839 1731 866 of

1587 874 1712 908 gradual

1566 909 1738 944 becoming.

1569 1763 1655 1790 Final
1677 1763 1735 1790 and

1522 1798 1653 1825 efficient
1672 1805 1781 1824 causes

1537 1837 1584 1860 act
1604 1832 1770 1868 mutually3

1531 1876 1555 1895 c.
1577 1875 1605 1901 g.
1628 1867 1710 1894 takin
1756 1875 1771 1894 a

1570 1902 1651 1929 walk
1671 1875 1733 1929 and

1594 1937 1705 1964 health.

1538 2515 1563 2542 It
1582 2515 1608 2542 is
1629 2514 1664 2542 of
1679 2514 1754 2542 saith

1513 2550 1578 2577 that
1597 2550 1634 2577 all
1655 2549 1782 2584 original

1535 2584 1580 2611 sin
1601 2585 1627 2612 is
1647 2584 1759 2611 caused

1547 2620 1585 2654 by
1605 2619 1748 2647 Adam's.
