2056 3234
217 143 293 178 300

219 1247 266 1274 To
288 1248 379 1274 know
398 1248 424 1275 is
444 1252 475 1275 to

229 1283 465 1354 ἃορῡῖἑὲῗῖῗὲιῖῃ

216 2059 363 2086 Different
384 2060 474 2087 kinds

220 2094 254 2120 ot*
272 2094 463 2130 knowledge.

1001 151 1168 183 Johannis
1195 151 1316 183 Wiclif
1580 149 1705 184 Quaest.
1728 149 1806 177 XIII.

501 257 540 293 in
574 269 729 305 genere.
764 260 882 293 Extra
906 269 1028 305 genus
1052 258 1224 305 quedam
1250 257 1503 305 simpliciter;
1538 258 1615 294 alia
1643 267 1699 294 est
1722 270 1809 306 per-

500 315 625 351 feccio
658 328 739 351 non
781 315 1029 363 simpliciter.
1076 318 1173 352 Item
1212 315 1253 351 in
1292 327 1433 363 genere
1474 315 1550 352 alia
1588 317 1808 352 secundum

501 385 636 421 genus,
661 373 737 409 alia
760 374 979 409 secundum
1004 373 1193 421 speciem,
1219 373 1296 410 alia
1310 374 1528 410 secundum
1546 373 1808 410 individuum.

501 433 596 467 Item
642 432 815 479 quedam
861 440 919 467 est
957 431 1197 479 quiditativa
1241 443 1285 467 ex
1329 431 1508 479 partibus
1552 431 1809 480 quiditativis,

501 490 673 537 quedam
707 488 971 537 quantitativa
1009 501 1052 525 ex
1090 489 1271 537 partibus
1305 489 1592 537 quantitativis,
1638 491 1843 538 quedamS

501 546 734 594 qualitativa
767 559 811 583 ex
842 547 1022 595 partibus
1055 546 1313 595 qualitativis,
1348 556 1385 584 et
1418 549 1589 596 quedam
1614 547 1810 596 perfeccio

500 604 765 641 latitudinalis
815 605 875 641 vel
926 604 1141 653 gradualis,
1193 617 1269 653 que
1319 605 1500 642 consistit
1550 605 1591 641 in
1636 607 1809 654 quadam

500 662 730 698 summitate
761 663 822 699 vel
854 662 1102 710 plenitudine
1134 664 1280 710 gradus
1313 663 1480 699 alicuius
1509 663 1731 699 latitudinis
1754 663 1812 699 in-

500 720 682 756 trinsece.
716 722 763 755 Et
787 720 881 768 quia
913 721 1057 757 habere
1091 721 1345 757 existenciam
1381 730 1437 757 est
1469 720 1571 757 sicut
1603 721 1811 769 plenitudo

502 778 689 826 quedam,
724 791 858 814 carere
891 787 1025 814 autem
1059 778 1270 815 existencia
1292 779 1353 815 vel
1376 778 1545 815 deficere
1574 781 1622 815 ab
1655 779 1722 815 illa
1755 787 1869 815 est1o

501 836 604 872 sicut
627 837 799 884 quedam
823 836 1014 882 vacuitas,
1049 845 1199 885 quanto
1233 836 1354 885 igitur
1386 849 1447 873 res
1470 849 1540 885 pre
1573 837 1650 876 alia
1683 847 1740 873 est
1771 837 1812 872 in

503 893 645 930 maiori
669 894 808 930 habitu
838 894 1047 930 existencie
1081 903 1117 931 et
1140 907 1211 943 per
1244 907 1491 943 consequens
1515 895 1685 943 amplius
1718 908 1740 931 3
1772 907 1812 931 εθ

500 952 724 988 carenciam
762 952 823 988 vel
855 953 1053 989 defectum
1087 952 1297 989 existencie
1335 953 1560 998 excludens,
1605 962 1717 989 tanto
1756 961 1813 989 est

500 1007 731 1058 perfeccior,
766 1019 803 1046 et
831 1022 874 1046 ex
898 1010 1170 1058 consequenti,
1204 1019 1355 1058 quanto
1388 1023 1449 1047 res
1479 1023 1548 1058 pre
1571 1010 1649 1047 alia
1682 1019 1739 1047 est
1771 1010 1812 1046 in

501 1067 644 1104 maiori
667 1067 804 1104 habitu
828 1068 1039 1105 existencie
1060 1068 1309 1117 quiditativa,
1334 1078 1483 1117 quanta
1497 1069 1557 1105 vel
1579 1068 1812 1117 qualitativa
1832 1072 1867 1105 15

498 1126 560 1162 vel
582 1125 775 1173 graduali,
810 1135 923 1162 tanto
957 1136 1014 1163 est
1036 1126 1256 1174 perfeccior
1279 1139 1359 1175 quo
1392 1127 1442 1163 ad
1475 1127 1569 1173 hoc;
1604 1135 1641 1163 et
1673 1126 1730 1163 sic
1763 1127 1811 1162 de

499 1183 664 1232 singulis
699 1184 826 1220 modis
859 1197 981 1232 supra
1012 1184 1202 1221 recitatis.

558 1241 730 1278 Ulterius
770 1251 879 1294 noto,
919 1244 1027 1290 quod
1066 1242 1247 1290 cognicio
1281 1251 1337 1278 est
1370 1242 1635 1290 apprehensio
1667 1242 1813 1278 obiecti

500 1301 721 1336 secundum
756 1301 863 1348 quod
894 1312 1032 1336 verum
1068 1309 1136 1337 est.
1178 1302 1226 1336 Et
1258 1300 1440 1349 quamvis
1474 1300 1618 1348 duplex
1649 1300 1813 1348 ponitur

499 1357 660 1404 noticia,
695 1357 984 1406 apprehensiva
1016 1367 1053 1395 et
1086 1358 1298 1404 assensiva,
1332 1357 1463 1394 omnis
1497 1367 1631 1394 tamen
1664 1357 1813 1394 noticia
1830 1372 1871 1393 20

502 1416 701 1453 assensiva
728 1425 784 1452 est
808 1416 1073 1464 apprehensio
1096 1416 1256 1462 obiecti,
1289 1417 1510 1453 secundum
1535 1416 1642 1464 quod
1674 1428 1811 1452 verum

503 1483 560 1511 est
590 1473 734 1522 ipsum.
782 1475 896 1510 Unde
934 1473 974 1510 in
1013 1483 1146 1511 mente
1184 1474 1360 1511 hominis
1391 1474 1515 1511 virtus
1548 1473 1813 1510 memorativa

500 1533 561 1568 vel
594 1531 790 1580 cognitiva
824 1544 895 1580 per
927 1532 1203 1580 cognicionem
1239 1532 1368 1580 querit
1407 1541 1443 1568 et
1476 1532 1624 1580 cogitat
1657 1544 1741 1568 rem
1774 1532 1814 1567 in

501 1589 718 1636 obiectum,
741 1599 785 1626 ut
807 1602 943 1626 verum
969 1599 1038 1637 est,
1069 1590 1175 1638 quia,
1200 1592 1307 1638 quod
1330 1603 1467 1627 verum
1490 1603 1572 1626 non
1596 1598 1665 1635 est,
1690 1589 1813 1626 nichil

501 1657 571 1694 est,
607 1657 643 1684 et
675 1660 745 1696 per
770 1647 958 1684 virtutem
991 1648 1276 1685 intellectivam
1310 1648 1574 1696 apprehendit
1607 1647 1808 1684 obiectum
1829 1652 1868 1684 25

500 1707 721 1743 secundum
761 1707 870 1754 quod
901 1718 1038 1742 verum
1079 1715 1148 1752 est,
1195 1715 1231 1742 et
1275 1718 1346 1754 per
1384 1705 1572 1742 virtutem
1605 1705 1809 1742 volitivam

499 1763 676 1812 possidet
698 1763 844 1811 ipsum,
874 1765 1094 1800 secundum
1119 1765 1225 1812 quod
1250 1765 1401 1800 bonum
1435 1773 1505 1807 est,
1540 1772 1577 1800 et
1600 1763 1655 1800 sic
1678 1763 1811 1812 primo

500 1821 648 1870 cogitat
692 1834 775 1857 rem
814 1821 854 1857 in
892 1822 1096 1858 obiectum
1135 1831 1177 1858 ut
1222 1835 1366 1867 unum3
1413 1831 1449 1858 et
1494 1823 1669 1858 secundo
1713 1822 1810 1858 illud

499 1879 701 1916 obiectum
725 1880 991 1927 apprehendit
1014 1889 1055 1916 ut
1078 1892 1230 1925 verum,
1261 1889 1297 1916 et
1320 1879 1442 1916 tercio
1466 1879 1597 1927 ipsum
1621 1879 1809 1928 possidet,

498 1947 541 1974 ut
573 1939 723 1974 bonum
757 1946 827 1973 est.
862 1937 965 1974 Satis
999 1947 1055 1974 est
1090 1946 1221 1974 mente
1254 1938 1400 1974 habere
1434 1937 1539 1974 circa
1571 1950 1654 1974 rem
1687 1950 1810 1974 unam
1827 1941 1870 1974 30

497 2008 633 2032 veram
668 2004 704 2031 et
737 1997 895 2031 bonam.

557 2053 748 2101 Cognicio
787 2062 922 2089 autem
962 2054 1183 2089 secundum
1217 2054 1414 2101 quosdam
1448 2053 1611 2101 ponitur
1649 2052 1809 2100 triplex3

497 2111 705 2157 naturalis,
731 2110 1009 2147 intellectualis
1034 2120 1069 2147 et
1094 2111 1290 2147 animalis.
1318 2113 1374 2147 De
1399 2110 1561 2147 animali
1585 2120 1621 2147 et
1636 2110 1812 2147 intellec-

497 2169 594 2205 tuali
628 2168 780 2217 aliquid
813 2169 958 2215 dicam,
993 2168 1156 2205 dimissa
1188 2169 1374 2215 naturali,
1413 2168 1576 2215 scilicet,
1615 2181 1692 2217 que
1724 2168 1811 2204 talis

499 2236 568 2263 est.
614 2229 683 2263 Est
728 2235 861 2263 autem
906 2226 1087 2274 cognicio
1126 2227 1309 2263 animalis
1354 2226 1621 2274 apprehensio
1663 2226 1809 2263 obiecti
1827 2229 1867 2263 35

499 2286 720 2321 secundum
766 2286 872 2333 quod
916 2297 1053 2321 verum
1106 2294 1163 2321 est
1207 2297 1277 2333 per
1320 2284 1507 2321 virtutem
1558 2284 1809 2332 corporalem

498 2342 726 2390 organicam
751 2342 991 2390 inceptivam
1014 2343 1237 2390 specierum
1254 2342 1309 2379 rei
1325 2342 1520 2378 sensibilis
1536 2342 1614 2379 sive
1631 2342 1809 2378 materie.

500 2400 693 2448 Cognicio
726 2400 1007 2437 intellectualis
1041 2409 1099 2436 est
1128 2400 1396 2448 apprehensio
1419 2399 1564 2436 obiecti
1589 2401 1808 2436 secundum

499 2459 606 2506 quod
628 2471 763 2495 verum
789 2467 858 2504 est,
888 2467 925 2494 et
949 2460 1022 2494 hoc
1045 2470 1115 2506 per
1136 2458 1321 2495 virtutem
1346 2457 1654 2494 substancialem
1678 2457 1809 2494 incor-

498 2528 676 2564 poream.
707 2512 712 2568 l
1827 2518 1865 2550 F.
1883 2518 1959 2550 201⁴

557 2573 733 2610 Ulterius
772 2582 882 2619 noto,
928 2575 1035 2621 quod
1075 2586 1194 2610 causa
1233 2574 1407 2610 secunda
1453 2582 1523 2618 est,
1569 2585 1645 2620 que
1691 2573 1809 2610 habet

499 2644 663 2668 causam
697 2640 788 2668 ante
821 2644 863 2668 se
896 2631 1164 2668 essencialiter
1196 2631 1270 2667 sibi
1304 2630 1627 2668 condistinctam.

1127 2751 1169 2763 Α
1282 2754 1315 2763 Α

567 2764 613 2793 30.
635 2773 675 2793 an
697 2768 858 2795 mentem?
930 2772 977 2798 42.
1001 2764 1096 2793 Cod..·
1116 2772 1183 2792 cam
1204 2770 1258 2806 {13¹ss
1278 2773 1326 2791 a11.
