2056 3234
293 889 416 917 Formal

219 924 363 959 meaning
384 923 419 950 of
436 923 486 950 the

283 963 422 993 concept,

254 993 455 1020 ‘substance'.

227 1029 255 1055 Is
275 1029 359 1055 there
379 1036 395 1055 a
416 1028 484 1055 selt-

287 1064 418 1090 existent

262 1097 448 1125 substance?

829 739 1089 793 CAPUT
1130 740 1511 805 QUINTUM.
1841 758 1879 790 F.

567 883 715 920 Habito
754 895 797 919 ex
837 881 1041 931 predictis,
1088 883 1196 930 quod
1241 881 1417 930 primum
1459 882 1641 919 omniurn
1687 884 1825 920 decem

510 954 700 990 generum
735 949 792 977 est
815 940 1058 987 substancia,
1093 949 1217 977 restat
1239 940 1387 988 videre,
1421 953 1498 989 que
1522 940 1571 977 sit
1593 940 1677 978 eius
1701 941 1824 988 racio,

508 1001 728 1037 secundum
768 1011 889 1046 quam
931 1007 990 1036 est
1026 998 1250 1035 formaliter
1294 998 1538 1045 substancia,
1581 1008 1617 1035 et
1653 998 1825 1046 videtur,

509 1059 618 1106 quod
651 1069 732 1093 non
763 1069 833 1104 per
865 1069 906 1093 se
940 1068 1037 1103 esse,
1071 1069 1144 1093 nec
1178 1068 1248 1105 per
1281 1069 1321 1093 se
1345 1058 1528 1094 substare
1551 1057 1859 1094 accidentibus5

508 1114 701 1152 absolutis
722 1115 783 1151 vel
806 1114 1052 1163 respectiviS,
1084 1127 1157 1151 nec
1190 1116 1371 1151 substare
1393 1114 1521 1151 forme
1554 1114 1826 1152 substanciali.

568 1173 746 1210 Primum
778 1185 860 1209 non
883 1171 1044 1209 dabitur
1067 1181 1233 1220 propter
1257 1172 1352 1209 tria:
1387 1172 1581 1219 Primum,
1615 1173 1710 1221 quia
1731 1181 1827 1209 tunc

508 1231 717 1280 potissime
751 1239 1001 1279 competeret
1025 1232 1108 1267 Deo
1141 1243 1266 1278 genus
1298 1230 1545 1277 substancie3
1579 1243 1827 1279 consequens

508 1288 771 1337 impossibile,
814 1288 908 1337 quia
947 1297 1042 1325 tunc
1081 1297 1183 1325 esset
1216 1288 1403 1325 divinitas
1442 1288 1680 1336 quiditative
1720 1302 1828 1325 com-

508 1346 696 1396 ponibilis
730 1358 773 1382 ex
806 1359 950 1394 genere
984 1355 1021 1382 et
1054 1346 1288 1383 differencia
1320 1346 1406 1394 ipsa
1439 1346 1655 1395 prioribus,
1696 1355 1733 1383 et
1772 1346 1886 1383 siem

510 1414 612 1442 esset
645 1404 846 1453 posterior
878 1405 917 1440 in
950 1413 1096 1441 natura
1128 1417 1200 1441 suo
1233 1417 1391 1452 genere,
1431 1406 1541 1453 quod
1575 1413 1675 1441 esset
1709 1417 1828 1442 causa

510 1463 638 1499 finalis
685 1462 853 1499 univoce
900 1461 1188 1511 participatum
1234 1475 1256 1499 a
1289 1465 1373 1499 Deo
1414 1471 1451 1499 et
1490 1462 1578 1499 aliis
1619 1463 1826 1500 creaturis.

509 1522 769 1569 Consequens
812 1520 1062 1569 impossibile
1106 1534 1150 1557 ex
1194 1520 1409 1557 declaratis
1454 1529 1629 1557 tractatu
1674 1521 1827 1569 primo3

509 1588 545 1614 et
585 1578 879 1626 consequencia
919 1587 1029 1626 patet
1069 1591 1112 1615 ex
1152 1580 1241 1625 hoc,
1283 1580 1392 1627 quod
1424 1580 1530 1615 Deus
1564 1578 1737 1615 maxime
1770 1588 1827 1615 est

507 1649 579 1685 per
612 1649 652 1673 se
686 1649 766 1675 enS.
1848 1640 1884 1672 15

566 1695 752 1731 Secundo
780 1694 950 1742 videtur,
985 1696 1095 1744 quod
1126 1695 1235 1731 nulla
1269 1704 1452 1732 creatura
1485 1694 1535 1730 sit
1567 1706 1637 1743 per
1670 1707 1711 1731 se
1744 1707 1825 1740 ens,

508 1752 604 1801 quia
649 1752 680 1789 si
724 1751 936 1789 innitimur
982 1752 1140 1789 veritati
1187 1752 1398 1799 sermonis,
1438 1752 1594 1789 videtur
1634 1752 1760 1801 sequi,
1796 1752 1827 1788 si

508 1810 737 1847 substancia
775 1823 845 1859 per
884 1823 924 1847 se
965 1820 1035 1857 est,
1077 1823 1171 1859 ergo
1211 1811 1298 1860 ipsa
1332 1820 1389 1848 est
1422 1823 1556 1857 causa,
1591 1823 1715 1859 quare
1749 1819 1826 1857 est3

509 1877 545 1904 et
579 1881 650 1916 per
673 1880 923 1917 consequens
957 1878 1015 1905 est
1039 1881 1161 1906 causa
1193 1869 1253 1905 sui
1276 1869 1420 1917 ipsius3
1455 1877 1492 1905 et
1515 1868 1547 1904 si
1577 1868 1826 1904 excludimus

509 1939 670 1963 causam
718 1939 977 1963 communem
1023 1929 1071 1963 ab
1117 1927 1209 1974 alio,
1258 1926 1314 1963 sic
1367 1927 1544 1975 quelibet
1596 1926 1826 1963 substancia
1844 1940 1885 1961 20

509 1986 628 2021 habet
662 1987 788 2021 Deum
831 1997 1009 2031 causam,
1051 1993 1088 2021 et
1121 1998 1241 2022 omne
1282 1998 1428 2033 corpus
1461 1986 1580 2021 habet
1615 1984 1825 2021 materiam

509 2051 545 2078 et
584 2043 756 2079 formam
798 2055 888 2079 cum
929 2043 1126 2091 quotlibet
1165 2043 1346 2091 partibus
1385 2042 1662 2092 quantitativis
1694 2042 1826 2091 ipsum

508 2100 779 2137 causantibus.
840 2100 880 2137 Si
934 2101 1181 2138 excludimus
1238 2101 1458 2150 parcialem
1510 2100 1826 2146 inexistenciam,

508 2159 615 2195 solus
650 2160 824 2195 mundus
859 2159 1056 2196 maximus
1089 2168 1146 2196 est
1169 2159 1414 2207 substancia,
1448 2158 1543 2207 quia
1576 2171 1695 2195 omne
1718 2158 1828 2196 aliud

508 2217 777 2253 substanciale
810 2225 868 2253 est
901 2216 984 2253 eius
1017 2230 1124 2265 pars,
1158 2218 1219 2254 vel
1251 2218 1394 2254 saltem
1427 2218 1557 2254 solum
1582 2217 1712 2265 angeli
1735 2224 1827 2253 sunt
1844 2221 1883 2253 25

508 2274 751 2311 substancie.
792 2274 832 2311 Si
868 2275 1125 2312 excludamus
1158 2276 1370 2313 formalem
1410 2275 1698 2322 inherenciam,
1731 2283 1826 2311 tunc

509 2332 706 2380 contingit
745 2332 1021 2370 accidentibus
1061 2334 1284 2380 eucaristie,
1323 2342 1361 2371 et
1399 2346 1526 2371 vacuo
1568 2333 1727 2370 infinito
1766 2345 1828 2369 ra-

509 2390 570 2427 cio
615 2390 857 2437 substancie,
911 2391 1006 2440 quia
1057 2391 1124 2429 illa
1176 2401 1345 2440 possunt
1389 2391 1629 2429 naturaliter
1673 2404 1742 2439 per
1787 2403 1827 2427 se

509 2461 606 2494 esse,
640 2457 683 2484 ut
717 2449 907 2485 creditur.

566 2506 710 2543 Tercio
749 2507 920 2553 videtur,
961 2509 1069 2555 quod
1108 2507 1294 2544 veritates
1335 2517 1469 2544 eterne
1509 2507 1586 2544 sint
1619 2506 1827 2555 potissime
1844 2511 1885 2544 30

508 2564 750 2611 substancie,
791 2564 885 2613 quia
924 2564 992 2601 illa
1032 2574 1124 2601 sunt
1164 2565 1290 2611 encia,
1331 2578 1408 2614 que
1447 2579 1528 2602 non
1570 2574 1737 2614 possunt
1770 2564 1828 2600 in-

508 2623 647 2659 herere
679 2622 906 2659 formaliter
937 2623 1191 2670 substanciis,
1225 2632 1268 2659 ut
1302 2632 1411 2672 patet
1445 2625 1492 2660 de
1525 2622 1827 2672 negacionibus,

579 2755 607 2782 9.
631 2745 728 2774 Cod..·
749 2755 825 2773 esse.
902 2755 940 2782 17.
965 2746 1060 2774 Cod..·
1082 2746 1188 2774 virtuti
1209 2749 1240 2774 et
1258 2747 1287 2774 in
1310 2747 1453 2782 margine
1473 2747 1611 2774 veritati„

586 2819 632 2850 13.
664 2819 714 2858 Cf.
743 2822 864 2850 notam
893 2819 926 2850 in
947 2819 1024 2860 fine
1048 2819 1175 2860 capitis
1202 2819 1333 2861 quarti.
