2056 3234
208 202 296 230 CAP.
318 201 384 229 VH.
532 206 592 237 DE
619 206 743 237 ENTE
770 206 1191 239 PREDICAMENTALI.

206 322 353 357 torum,
399 324 475 359 que
519 311 622 347 idem
669 312 929 348 sentenciant.
978 314 1091 349 Unde
1123 314 1336 350 Anselrnus
1375 316 1423 350 de
1457 317 1515 351 In-

207 369 447 406 carnacione
479 369 588 405 verbi
622 370 796 416 capitulo
830 370 980 417 primo:
1019 370 1166 417 ⁷,Cuius
1201 384 1311 408 mens
1344 373 1517 408 obscura

207 436 264 464 est
297 428 346 463 ad
380 426 596 462 videndum
642 427 746 463 inter
791 440 936 476 equum
978 436 1015 464 et
1054 428 1229 465 colorem
1277 429 1373 475 eius,
1420 443 1517 478 quo-

207 486 327 521 modo
362 484 559 520 discernet
591 484 694 521 inter
726 498 850 521 unum
884 488 1013 522 Deum
1047 494 1084 522 et
1117 486 1251 533 plures
1296 488 1516 524 relaciones

173 542 340 583 §eius?”
387 544 448 588 Et,
493 550 536 577 ut
569 542 740 578 breviter
773 543 917 589 dicam,
962 556 1043 579 non
1076 544 1241 579 memini
1280 557 1344 581 me
1375 545 1517 593 legisse

206 599 381 647 aliquem
436 600 642 636 doctorem
694 600 734 635 in
778 600 853 636 ista
905 601 1088 647 materia,
1141 601 1237 650 quin
1291 602 1516 650 distingwat

206 658 309 693 inter
331 656 575 693 relacionem
612 666 648 693 et
672 658 892 694 essenciam
918 659 957 694 in
981 658 1138 705 divinis,
1173 660 1354 707 quamvis
1381 661 1517 697 dicant

206 713 475 761 concorditer,
516 717 622 762 quod
658 715 806 752 relacio
846 716 921 752 ista
953 728 1033 752 non
1067 715 1117 752 sit
1149 717 1267 753 realis
1301 730 1371 765 per
1403 731 1443 754 se
1477 717 1517 754 in

205 785 361 820 genere,
387 773 455 808 sed
480 772 629 809 relacio
653 773 838 809 racionis.
864 775 978 810 Unde
1001 783 1163 810 sanctus
1185 776 1363 811 Thomas
1386 775 1517 823 prima

152 839 318 878 10parte
342 832 507 866 Summe
541 830 800 867 conclusione
833 835 923 876 40³,
958 840 1173 879 postquam
1208 833 1383 880 arguerit
1416 834 1516 869 rela-

206 887 338 924 ciones
372 887 571 934 distingwi
611 901 633 924 a
666 901 849 936 persona,
891 901 937 924 eo
977 891 1085 937 quod
1125 890 1248 926 multe
1289 899 1380 926 sunt
1413 892 1515 927 rela-

206 946 340 981 ciones
374 945 413 980 in
447 946 585 981 eadem
631 958 817 993 persona,
863 946 918 982 sic
958 949 1196 995 respondet:
1250 948 1512 994 „Dicendum‚

207 1005 313 1051 quod
347 1015 519 1051 persona
560 1012 596 1038 et
629 1004 855 1051 proprietas
888 1004 995 1040 idem
1035 1014 1126 1041 sunt
1159 1005 1199 1041 in
1232 1018 1287 1052 re,
1327 1005 1516 1042 differunt

206 1070 340 1097 tamen
373 1062 593 1096 secundum
628 1061 882 1107 racionem'⁷;
917 1063 1202 1110 Lynconiensis
1234 1062 1275 1099 in
1308 1063 1411 1099 libro
1445 1077 1515 1100 suo

153 1120 253 1157 15de
296 1118 439 1154 Libero
471 1118 649 1155 Arbitrio
690 1119 804 1155 dicit:
844 1122 934 1155 Non
973 1129 1032 1156 est
1070 1120 1376 1169 inconsequens,
1422 1134 1515 1169 ymo

205 1176 475 1212 necessarium
517 1177 662 1212 multas
709 1189 793 1213 esse
832 1177 1053 1214 relaciones
1100 1187 1256 1215 eternas
1289 1178 1329 1214 in
1362 1181 1445 1216 Deo
1480 1189 1516 1215 et

206 1234 311 1281 ipsas
350 1247 430 1270 non
470 1246 553 1270 esse
586 1233 692 1270 idem
734 1247 823 1270 cum
858 1238 962 1281 De03
996 1245 1032 1271 et
1066 1237 1142 1272 hoc
1173 1237 1239 1273 wit
1270 1237 1515 1284 Augustinus

207 1301 388 1339 expresse
411 1300 448 1327 et
472 1292 737 1339 exemplificat
761 1294 808 1328 de
826 1293 961 1329 multis
984 1293 1231 1340 veritatibus,
1257 1307 1356 1342 quas
1371 1304 1517 1331 vocant

205 1349 447 1394 relaciones;
482 1349 643 1394 relacio,
684 1349 826 1398 inquit,
866 1364 946 1387 non
981 1352 1099 1387 habet
1139 1352 1360 1388 essenciam
1394 1352 1514 1388 aliam

148 1423 190 1444 20
206 1408 254 1443 ab
289 1407 466 1443 essencia
505 1420 669 1443 suarum
705 1408 1017 1451 extremitatum,
1057 1409 1158 1445 sicut
1198 1418 1308 1458 patet
1348 1423 1516 1458 cognos-

206 1464 309 1501 centi
333 1474 518 1500 naturam
540 1465 804 1502 relacionum.
830 1467 934 1511 Ideo,
961 1476 1002 1502 ut
1019 1479 1109 1503 vere
1129 1467 1360 1515 distingwit‚
1386 1477 1516 1515 potest

205 1522 352 1558 relacio
376 1535 454 1558 uno
490 1524 609 1558 modo
633 1522 710 1558 dici
743 1523 811 1559 illa
835 1524 1025 1570 esseneia,
1059 1537 1178 1572 supra
1204 1538 1281 1573 qua
1312 1526 1515 1571 fundatur⁷

203 1581 264 1615 vel
298 1579 376 1616 alio
410 1582 531 1616 modo
565 1580 651 1628 ipsa
685 1580 895 1617 ordinacio
929 1582 1045 1618 unius
1079 1583 1129 1619 ad
1159 1583 1327 1631 aliquid,
1361 1592 1397 1619 et
1422 1592 1516 1619 tunc

271 1743 298 1770 9.
323 1735 397 1763 Cod.
408 1746 417 1762 .·
436 1728 563 1771 argudit.

276 1853 303 1874 1.
344 1843 396 1884 Cf.
423 1844 579 1874 Anselmi
607 1844 864 1876 Cantuariensis
892 1845 967 1876 Lib.
1000 1846 1050 1877 De
1084 1846 1170 1877 Fide
1196 1846 1374 1877 Trinitatis
1410 1854 1442 1878 et
1468 1848 1517 1878 De

200 1889 438 1920 Incarnatione
479 1890 595 1929 Verbi,
646 1900 719 1932 cap.
763 1891 789 1921 ΙΙ
833 1892 915 1932 (non
960 1892 985 1927 l)
1037 1891 1173 1934 (Illz'gne
1217 1892 1375 1924 CLVIII
1414 1895 1516 1934 265).

201 1946 233 1977 9.
278 1936 331 1977 Cf.
370 1936 485 1967 Sancti
524 1936 684 1967 Thomae
722 1938 906 1978 Aquinatis
946 1939 1111 1969 Summae
1149 1937 1376 1980 Theologiae,
1420 1950 1452 1980 p.
1495 1941 1516 1979 Ι,

203 1981 244 2019 Q.
270 1991 325 2021 40,
352 1983 425 2013 Art.
451 1982 473 2019 Ι,
506 1992 588 2013 1———2
618 1983 667 2021 (in
695 1984 865 2015 editione:
900 1984 937 2015 S.
970 1984 1030 2015 le.
1058 1986 1100 2015 A.
1126 1994 1235 2026 opera
1269 1986 1390 2016 omnia
1423 1987 1515 2017 iussu

201 2028 427 2069 impensaque
453 2028 582 2061 Leonis
610 2028 705 2060 XIII
728 2030 837 2061 edita.
866 2031 1002 2062 Romae
1028 2032 1125 2062 1888
1150 2040 1205 2070 ss„
1224 2032 1295 2073 fol.
1328 2029 1425 2063 Tom.
1456 2032 1513 2071 JV,

194 2084 233 2113 p.
256 2074 352 2115 411).
376 2074 628 2115 Quaecumque
654 2075 745 2107 enim
773 2080 855 2107 sunt
881 2076 987 2115 idem,
1016 2077 1256 2118 multiplicato
1283 2088 1352 2109 uno
1381 2087 1516 2117 eorum,

201 2120 462 2161 multiplicatur
487 2125 519 2153 et
547 2121 656 2152 aliud.
685 2121 757 2153 Sed
782 2122 962 2163 contingit
980 2123 1013 2154 in
1034 2133 1104 2154 una
1118 2133 1274 2164 persona
1294 2133 1367 2155 esse
1387 2125 1515 2164 plures

202 2166 403 2205 relationes,
438 2167 528 2198 sicut
555 2167 587 2198 in
615 2177 769 2208 persona
796 2169 919 2209 patris
951 2173 1002 2200 est
1027 2169 1237 2210 paternitas
1263 2173 1297 2201 et
1321 2171 1516 2201 communis

199 2212 373 2253 spiratio:
411 2218 444 2244 et
471 2213 598 2245 iterum
627 2223 735 2245 unam
773 2214 983 2246 relationem
1010 2215 1045 2246 in
1069 2215 1206 2247 duabus
1232 2215 1399 2256 personis
1432 2226 1516 2254 esse,

198 2259 289 2290 sicut
315 2260 512 2291 communis
536 2260 690 2301 spiratio
717 2264 767 2292 est
796 2262 829 2291 in
853 2265 962 2302 patre
987 2265 1020 2292 et
1037 2261 1130 2302 filio.
1165 2261 1264 2303 Ergo
1293 2263 1419 2294 relatio
1447 2273 1514 2293 non

198 2308 251 2347 est
269 2304 374 2343 idem,
401 2305 492 2345 quod
512 2315 672 2346 persona
700 2330 707 2337 .
728 2331 734 2337 .
755 2330 789 2337 ..
817 2306 873 2337 Ad
893 2307 1053 2347 primum
1081 2317 1170 2350 ergo
1196 2308 1396 2345 dicendum,
1423 2309 1516 2348 quod

191 2360 349 2392 persona
377 2357 409 2383 et
428 2353 637 2392 proprietas
658 2376 662 2381 ,
684 2375 690 2382 .
711 2376 718 2383 .
739 2377 744 2382 .
764 2356 798 2383 et
815 2362 910 2394 qusq.
988 2363 1037 2393 14.
1058 2353 1300 2384 Linconiensis
1319 2354 1370 2385 De
1390 2354 1516 2389 Libero

197 2395 360 2427 Arbitrio.
396 2398 449 2439 Cf.
476 2407 564 2437 quae
589 2397 632 2429 cie
657 2397 722 2430 hoc
748 2398 863 2430 libello
890 2398 990 2430 docet
1016 2400 1190 2441 „Iosephus
1215 2400 1331 2432 Velten
1366 2400 1400 2432 in
1429 2410 1514 2442 opu-

197 2443 302 2481 sculo,
322 2442 380 2473 cui
398 2443 607 2484 inscriptum
627 2449 687 2482 est,
709 2444 843 2476 Robert
862 2447 1089 2483 Grosseteste,
1108 2446 1255 2487 Bisclzof
1271 2456 1336 2477 von
1356 2447 1514 2478 Lincoln.

198 2489 265 2519 Ein
288 2488 438 2531 Beitrag
462 2500 526 2531 {ur
546 2490 719 2522 Kirclzen-
747 2491 818 2522 und
847 2491 1177 2533 Culturgesclzichte
1203 2492 1263 2524 des
1290 2492 1514 2534 dreixsehnten

197 2534 461 2567 Jahrhunderts
501 2535 691 2578 (Frerztrg
733 2537 779 2568 im
818 2537 996 2579 Breisgau
1038 2538 1155 2579 1887),
1197 2539 1244 2577 8⁰,
1277 2549 1315 2579 p.
1348 2541 1406 2571 74:
1447 2538 1516 2570 Die

197 2581 372 2623 sonstigen
398 2582 700 2623 plzilosophischen
727 2583 854 2614 Werlce
882 2583 1133 2615 Grosseteste⁷s
1166 2584 1247 2615 sind
1273 2584 1517 2627 selbstcindige

200 2627 516 2669 Untersuchungen
545 2629 628 2660 siber
655 2629 711 2660 die
737 2629 900 2666 Fragen,
925 2629 990 2661 wie
1016 2640 1045 2672 {-
1064 2630 1105 2661 Β.
1133 2630 1190 2662 die
1215 2630 1417 2663 Freiheit
1442 2630 1516 2662 des

204 2672 392 2710 XVillems,
411 2673 499 2705 oder
518 2674 603 2706 siber
619 2674 674 2706 die
690 2675 937 2716 Seelenkrdfte
955 2675 1043 2707 oder
1061 2676 1146 2708 aber
1162 2676 1219 2707 die
1238 2676 1417 2708 Ursaclzen
1435 2700 1443 2708 .
1460 2700 1468 2707 .
1483 2700 1491 2707 .
1507 2701 1513 2707 .

197 2723 229 2750 et
248 2719 280 2750 in
302 2723 386 2750 nota
414 2729 502 2758 quae
528 2721 804 2762 correspondet:
832 2720 985 2753 Manche
1011 2722 1125 2753 dieser
1147 2721 1274 2754 Werke
1292 2723 1418 2764 finden
1446 2723 1516 2754 sich

197 2765 230 2795 in
247 2765 325 2796 dem
342 2766 494 2797 seltenen
511 2766 645 2798 Buche:
670 2766 846 2807 Opuscula
864 2768 967 2799 varia
982 2767 1238 2809 philosophica.
1250 2768 1452 2801 Venetiisl5
1461 2769 1515 2807 74,

187 2811 258 2852 fol.
290 2811 390 2849 Quae
416 2811 524 2844 editio
553 2813 636 2843 mihi
657 2817 804 2854 praesto
832 2823 898 2845 non
927 2818 1017 2845 erat.
