2056 3234
204 194 293 221 CAP·
314 194 366 222 IV·
534 196 592 227 DE
620 194 741 227 ENTE
769 193 1188 226 PREDICAMENTALI.

433 369 702 410 CAPITULI
737 368 960 418 QUARTI
992 368 1290 408 APPENDIX.

262 478 380 523 Quod
412 485 546 513 autem
580 489 648 513 ens
680 477 730 513 sit
762 476 1010 524 ambiguum,
1043 484 1087 513 ut
1120 475 1216 512 dicit
1239 474 1515 521 Lincoliensis‚

204 543 240 571 et
262 534 497 571 Aristoteles
528 533 708 583 loquitur
739 539 782 582 70
815 534 1064 571 Phisicorum
1093 534 1180 581 310,
1212 534 1407 582 probatur
1439 531 1515 568 sic:

203 594 254 629 ad
306 605 390 629 esse
435 591 525 629 talis
569 592 724 640 generis
768 591 916 629 sufficit
959 594 1067 640 quod
1117 591 1167 628 sit
1211 589 1517 640 quomodolibet

171 651 187 684 5
204 649 373 687 univoce
406 649 751 687 communicatum
784 650 992 698 speciebus
1017 679 1025 686 .
1052 679 1059 686 .
1086 679 1093 686 .

278 785 303 806 1.
346 775 457 807 Verba
496 775 599 814 Quod
632 780 747 806 autem
778 793 822 798 —
855 774 1037 816 speciebus
1074 774 1212 817 aliquot
1248 773 1348 806 lineis
1378 777 1464 815 post
1500 782 1518 804 a

204 831 330 862 genere
361 821 462 864 loyco
493 822 624 863 scripta
650 826 742 860 sunt,
777 822 911 863 reliqua
942 821 1104 863 pagellae
1134 824 1240 863 parte
1274 824 1434 852 vacante.
1475 819 1516 850 In

206 867 369 910 margine
400 877 484 901 vero
517 868 688 911 leguntur
713 868 798 900 haec
823 867 872 898 aa'
898 867 1064 908 probatur
1090 867 1138 898 sic
1164 867 1331 908 adpicta:
1356 865 1447 897 Vide
1476 865 1518 896 de

204 913 279 952 isto,
307 913 420 954 primo
440 913 527 945 libro
544 913 574 945 θ
593 913 644 955 (id
662 918 710 946 est
732 914 978 953 distinctione),
1007 923 1155 945 numero
1182 912 1422 944 distinctionis
1448 921 1516 943 non

204 959 339 991 addito.
369 960 440 992 Sed
465 969 513 992 ex
538 964 611 992 tolo
637 962 885 1002 opusculorum
912 959 1061 1002 iVichfii,
1088 960 1121 991 in
1150 960 1216 991 hoc
1240 959 1359 991 codice
1384 958 1518 990 exhibi-

204 1011 322 1037 torum
349 1006 476 1038 ordine
501 1006 636 1038 coicere
661 1006 753 1045 licet,
778 1006 967 1046 VViclifium
988 1016 1051 1038 nos
1070 1006 1229 1048 relegare
1249 1005 1298 1036 ad
1316 1005 1518 1036 Tractatum

206 1052 247 1083 de
264 1052 353 1083 Ente
379 1052 412 1083 in
439 1052 629 1092 communi,
656 1053 756 1084 cuius
783 1053 870 1084 liber
889 1053 1032 1094 primus
1058 1052 1140 1084 inde
1165 1061 1186 1082 a
1204 1052 1297 1094 solio
1315 1053 1387 1083 158
1413 1060 1520 1093 usque

205 1098 253 1129 ad
283 1099 365 1129 167‘
395 1099 539 1141 legitur.
578 1098 640 1130 Ex
669 1099 772 1130 husus
805 1099 916 1141 igilur·
950 1098 1032 1130 libri
1068 1098 1185 1130 canite
1223 1102 1351 1139 quarto
1385 1097 1519 1140 afferre

203 1145 286 1176 l1'bet
325 1145 430 1176 haec.-
468 1145 535 1176 Sed
574 1150 724 1186 quatuor
762 1145 932 1176 maneries
964 1145 1041 1185 (sic)
1076 1145 1199 1175 dicitur
1230 1154 1340 1185 genus
1379 1144 1519 1185 loycum

206 1190 260 1221 vel
293 1190 559 1232 metaphisicum
584 1215 593 1223 .
612 1218 619 1224 .
638 1214 646 1223 .
666 1214 674 1222 .
707 1192 774 1222 Sed
807 1201 916 1233 genus
947 1191 1089 1233 loycurn
1129 1190 1360 1221 subdividitur
1392 1190 1425 1220 in
1457 1190 1520 1220 tria

206 1236 378 1276 membra;
410 1238 492 1278 quia
520 1237 659 1279 aliquod
688 1244 739 1268 est
764 1238 956 1268 secundum
984 1247 1020 1268 se
1046 1246 1165 1278 genus,
1201 1243 1239 1268 ut
1271 1237 1391 1267 decem
1419 1235 1519 1266 Cate-

206 1284 334 1323 goriae,
368 1289 405 1313 ut
436 1289 529 1325 patet
563 1283 595 1315 5⁰
621 1283 857 1325 Metapbisice‚
891 1284 1042 1324 capitulo
1076 1286 1120 1324 7⁰.
1164 1283 1250 1314 Sunt
1288 1283 1380 1314 enim
1408 1281 1520 1313 forme

206 1329 382 1371 simplices
419 1330 568 1371 positive
600 1340 661 1371 per
692 1340 728 1361 se
762 1331 890 1361 intente
925 1340 943 1360 a
977 1336 1096 1360 natura
1212 1329 1374 1360 Secundo
1413 1329 1521 1359 modo

208 1376 331 1406 dicitur
362 1376 528 1418 analoyce
560 1377 723 1417 partitum
750 1386 811 1418 per
842 1386 878 1407 se
910 1375 1092 1417 speciebus
1124 1385 1199 1406 esse
1231 1385 1341 1417 genus
1374 1375 1452 1414 illis,
1484 1380 1522 1405 ut

207 1432 269 1453 ens
301 1423 495 1453 secundum
528 1422 783 1454 Lincoliensern
816 1422 930 1464 primo
964 1422 1198 1453 Posteriorum
1231 1421 1382 1463 capitulo
1411 1420 1445 1452 5⁰
1472 1426 1523 1452 est

207 1478 316 1509 genus
333 1468 496 1499 omnibus
515 1469 694 1510 categoriis
708 1473 771 1500 etc.
788 1473 850 1501 etc
925 1478 955 1499 2.
972 1468 1200 1499 Lincoliensis
1215 1468 1260 1510 cf.
1276 1477 1384 1510 supra
1395 1476 1485 1510 pag.
1501 1474 1521 1505 9

207 1518 241 1546 et
257 1514 393 1555 passim
480 1515 510 1548 3.
532 1515 583 1557 Cf.
603 1515 744 1546 Aristot.
763 1515 838 1546 Nat.
864 1525 957 1546 ausc.
966 1515 1075 1554 V114‚
1101 1525 1133 1545 11
1165 1514 1247 1555 (Ed.
1266 1515 1353 1546 Par.
1374 1513 1411 1545 II
1434 1514 1523 1549 340,

207 1561 249 1592 17
266 1561 343 1602 SS.):
369 1557 444 1591 Και
469 1559 635 1603 σημαίνει
660 1558 679 1592 ὁ
697 1558 802 1602 λόγος
827 1556 943 1601 οὗτος,
972 1556 1027 1591 ὅτι
1052 1559 1091 1591 τὸ
1117 1558 1221 1602 γένος
1246 1558 1310 1603 οὐχ
1327 1557 1366 1591 ἕν
1383 1570 1416 1590 τι
1434 1556 1521 1590 ἀλλὰ

206 1604 305 1648 παρὰ
337 1608 443 1638 τοῦτο
475 1605 651 1638 λανθάνει,
684 1606 812 1639 πολλά·
847 1603 916 1638 εἰσί
951 1617 988 1638 τε
1020 1608 1094 1637 τῶν
1131 1603 1351 1648 ὁμωνυμιῶν
1382 1603 1420 1637 αἱ
1458 1602 1524 1647 μὲν

206 1650 296 1684 πολὺ
315 1650 523 1695 ἀπέχουσαι,
550 1651 587 1684 αἱ
605 1650 675 1684 δὲ
662 1651 810 1695 ἔχουσαί
826 1664 905 1684 τινα
932 1650 1141 1700 ὁμοιότητα,
1167 1650 1205 1684 αἱ
1223 1651 1254 1683 δ’
1272 1649 1373 1694 ἐγγὺς
1391 1663 1412 1693 η
1430 1651 1524 1699 γένει

206 1695 228 1740 ἢ
255 1697 436 1741 ἀναλογίᾳ,
464 1696 521 1731 διὸ
548 1695 592 1731 οὗ
617 1698 793 1753 δοκοῦσινθ
814 1696 1019 1753 ὁμωνυμίαι
1046 1699 1148 1738 εἰναι,
1183 1695 1299 1731 οὖσαι.
1336 1696 1432 1730 Πότε
1458 1699 1523 1729 οὐν

207 1743 330 1787 ἕτερον
354 1744 394 1777 τὸ
422 1739 527 1785 εἶδος,
555 1742 619 1777 ἐὰν
643 1744 752 1777 ταύτὸ
779 1742 819 1777 ἐν
843 1744 936 1788 ἄλλῳ
969 1741 991 1787 ἢ
1026 1743 1072 1777 ἂν
1102 1744 1184 1778 ἄλλο
1217 1742 1256 1777 ἐν
1289 1743 1401 1788 &atqu
1435 1753 1524 1788 quae

209 1792 315 1824 verba
348 1794 524 1825 Averroes
556 1794 648 1825 hunc
687 1793 720 1824 in
762 1792 904 1824 modum
940 1797 1203 1825 commentatur
1236 1792 1318 1833 (Ed.
1351 1794 1431 1824 Ven.
1464 1791 1523 1828 IV,

197 1839 270 1879 fol.
295 1840 388 1879 151):
416 1839 687 1881 aequivocorum
716 1845 831 1869 autem
859 1839 923 1869 alia
949 1845 1030 1869 sunt
1056 1839 1191 1870 diversa
1217 1839 1252 1870 in
1278 1848 1325 1878 se,
1353 1839 1418 1869 alia
1444 1844 1524 1869 sunt

211 1885 360 1916 maxime
387 1885 523 1916 diversa
549 1886 583 1916 in
609 1895 662 1923 se;
690 1891 722 1916 et
740 1885 771 1915 in
792 1885 863 1916 istis
885 1895 954 1915 non
971 1885 1054 1916 latet
1072 1895 1111 1916 ex
1131 1884 1401 1925 definitionibus,
1429 1884 1523 1926 quod

212 1941 339 1962 nomen
373 1937 424 1962 est
456 1932 706 1972 aequivocum;
740 1931 774 1961 in
806 1931 881 1962 aliis
911 1941 995 1962 vero
1029 1938 1080 1963 est
1111 1932 1285 1973 quaedam
1317 1931 1524 1972 ambiguitas

212 1984 244 2009 et
268 1978 375 2008 latent
399 1978 664 2019 aliquantulum,
691 1977 752 2008 sed
777 1984 894 2008 tamen
921 1988 993 2008 non
1018 1984 1098 2009 sunt
1123 1978 1319 2020 propinqua
1346 1978 1427 2017 illis;
1460 1977 1525 2007 alia

211 2034 294 2055 vero
314 2030 393 2055 sunt
409 2024 511 2055 valde
530 2024 738 2066 propinqua,
758 2030 815 2054 aut
834 2024 867 2054 in
885 2034 1021 2065 genere,
1041 2030 1099 2055 aut
1117 2025 1149 2055 in
1169 2024 1429 2065 comparatione
1444 2046 1452 2054 .
1468 2046 1475 2054 .
1491 2046 1499 2054 .
1516 2046 1523 2054 .

212 2080 291 2100 cum
318 2070 381 2101 ista
407 2070 615 2111 ambiguitas
642 2071 677 2100 in
704 2070 901 2101 diversitate
928 2071 1121 2111 specierum
1149 2071 1192 2101 sit
1217 2077 1359 2112 propter
1384 2069 1523 2111 propin-

212 2117 379 2157 quitatem
405 2123 604 2147 naturarum
639 2117 809 2157 ipsarum3
843 2117 983 2157 quando
1015 2117 1118 2157 igitur
1144 2117 1205 2147 erit
1231 2117 1363 2158 species
1390 2116 1525 2147 diversa

212 2172 229 2192 a
265 2161 399 2203 specie?
439 2163 474 2193 Id
514 2169 575 2202 est,
609 2162 750 2204 quaudo
784 2163 885 2204 igitur
917 2169 1016 2193 erunt
1048 2163 1136 2194 duae
1170 2169 1310 2193 naturae
1343 2162 1525 2203 ambiguae

214 2209 301 2239 duae
328 2209 460 2250 species
480 2233 487 2240 .
508 2235 514 2242 .
535 2234 541 2241 .
563 2213 697 2251 etqusq.

1752 183 1797 220 33
