<?xml version="1.0" encoding="UTF-8"?>
<!DOCTYPE html PUBLIC "-//W3C//DTD XHTML 1.0 Transitional//EN"
    "http://www.w3.org/TR/xhtml1/DTD/xhtml1-transitional.dtd">
<html xmlns="http://www.w3.org/1999/xhtml" xml:lang="en" lang="en">
 <head>
  <title>
</title>
<meta http-equiv="Content-Type" content="text/html;charset=utf-8" />
  <meta name='ocr-system' content='tesseract 3.04.00' />
  <meta name='ocr-capabilities' content='ocr_page ocr_carea ocr_par ocr_line ocrx_word'/>
</head>
<body>
  <div class='ocr_page' id='page_1' title='image "./deentepraedicame00wycl_0168.png"; bbox 0 0 2056 3234; ppageno 0'>
   <div class='ocr_carea' id='block_1_1' title="bbox 214 174 1809 221">
    <p class='ocr_par' dir='ltr' id='par_1_1' title="bbox 214 174 1809 221">
     <span class='ocr_line' id='line_1_1' title="bbox 214 174 1809 221; baseline -0.013 0"><span class='ocrx_word' id='word_1_1' title='bbox 214 188 288 221; x_wconf 82' lang='lat'>140</span> <span class='ocrx_word' id='word_1_2' title='bbox 938 180 1161 212; x_wconf 72' lang='lat' dir='ltr'><strong>JOHANNIS</strong></span> <span class='ocrx_word' id='word_1_3' title='bbox 1187 179 1355 210; x_wconf 75' lang='lat' dir='ltr'>WICLIF</span> <span class='ocrx_word' id='word_1_4' title='bbox 1633 175 1721 203; x_wconf 81' lang='lat' dir='ltr'>CAP.</span> <span class='ocrx_word' id='word_1_5' title='bbox 1743 174 1809 201; x_wconf 88' lang='lat' dir='ltr'>XV.</span> 
     </span>
    </p>
   </div>
   <div class='ocr_carea' id='block_1_2' title="bbox 211 285 1877 1208">
    <p class='ocr_par' dir='ltr' id='par_1_2' title="bbox 496 285 1809 395">
     <span class='ocr_line' id='line_1_2' title="bbox 496 285 1809 335; baseline -0.004 -9"><span class='ocrx_word' id='word_1_6' title='bbox 496 292 579 326; x_wconf 90' lang='lat' dir='ltr'>Deo</span> <span class='ocrx_word' id='word_1_7' title='bbox 617 288 785 325; x_wconf 89' lang='lat' dir='ltr'>volitum</span> <span class='ocrx_word' id='word_1_8' title='bbox 825 296 935 335; x_wconf 87' lang='lat' dir='ltr'>agat;</span> <span class='ocrx_word' id='word_1_9' title='bbox 980 286 1112 323; x_wconf 87' lang='lat' dir='ltr'>taliter</span> <span class='ocrx_word' id='word_1_10' title='bbox 1151 286 1255 322; x_wconf 89' lang='lat' dir='ltr'>enim</span> <span class='ocrx_word' id='word_1_11' title='bbox 1297 286 1391 322; x_wconf 84' lang='lat' dir='ltr'>dicit</span> <span class='ocrx_word' id='word_1_12' title='bbox 1430 285 1567 322; x_wconf 89' lang='lat' dir='ltr'>Jacobi</span> <span class='ocrx_word' id='word_1_13' title='bbox 1601 289 1647 331; x_wconf 83' lang='lat'>40</span> <span class='ocrx_word' id='word_1_14' title='bbox 1683 288 1809 321; x_wconf 87' lang='lat' dir='ltr'>Deum</span> 
     </span>
     <span class='ocr_line' id='line_1_3' title="bbox 496 345 905 395; baseline -0.01 -11"><span class='ocrx_word' id='word_1_15' title='bbox 496 346 677 395; x_wconf 88' lang='lat' dir='ltr'>superbis</span> <span class='ocrx_word' id='word_1_16' title='bbox 711 345 905 382; x_wconf 86' lang='lat' dir='ltr'>resistere.</span> 
     </span>
    </p>

    <p class='ocr_par' dir='ltr' id='par_1_3' title="bbox 498 401 1877 1022">
     <span class='ocr_line' id='line_1_4' title="bbox 554 401 1812 451; baseline -0.003 -10"><span class='ocrx_word' id='word_1_17' title='bbox 554 407 816 451; x_wconf 88' lang='lat' dir='ltr'>Assumptum</span> <span class='ocrx_word' id='word_1_18' title='bbox 868 411 1004 439; x_wconf 87' lang='lat' dir='ltr'>tamen</span> <span class='ocrx_word' id='word_1_19' title='bbox 1055 402 1174 438; x_wconf 91' lang='lat' dir='ltr'>habet</span> <span class='ocrx_word' id='word_1_20' title='bbox 1225 401 1518 447; x_wconf 85' lang='lat' dir='ltr'>difficultatem,</span> <span class='ocrx_word' id='word_1_21' title='bbox 1572 414 1661 438; x_wconf 82' lang='lat' dir='ltr'>curn</span> <span class='ocrx_word' id='word_1_22' title='bbox 1708 403 1812 437; x_wconf 87' lang='lat' dir='ltr'>Deus</span> 
     </span>
     <span class='ocr_line' id='line_1_5' title="bbox 498 459 1813 508; baseline -0.003 -9"><span class='ocrx_word' id='word_1_23' title='bbox 498 464 681 499; x_wconf 85' lang='lat' dir='ltr'>moderat</span> <span class='ocrx_word' id='word_1_24' title='bbox 704 473 866 498; x_wconf 89' lang='lat' dir='ltr'>omnem</span> <span class='ocrx_word' id='word_1_25' title='bbox 890 459 1113 508; x_wconf 86' lang='lat' dir='ltr'>appetitum</span> <span class='ocrx_word' id='word_1_26' title='bbox 1139 468 1175 496; x_wconf 90' lang='lat' dir='ltr'>et</span> <span class='ocrx_word' id='word_1_27' title='bbox 1207 460 1337 496; x_wconf 89' lang='lat' dir='ltr'>nisum</span> <span class='ocrx_word' id='word_1_28' title='bbox 1371 468 1511 496; x_wconf 86' lang='lat' dir='ltr'>nature</span> <span class='ocrx_word' id='word_1_29' title='bbox 1545 468 1689 504; x_wconf 89' lang='lat' dir='ltr'>create,</span> <span class='ocrx_word' id='word_1_30' title='bbox 1724 459 1813 495; x_wconf 90' lang='lat' dir='ltr'>ideo</span> 
     </span>
     <span class='ocr_line' id='line_1_6' title="bbox 498 514 1848 566; baseline -0.004 -9"><span class='ocrx_word' id='word_1_31' title='bbox 498 530 650 558; x_wconf 86' lang='lat' dir='ltr'>certum</span> <span class='ocrx_word' id='word_1_32' title='bbox 684 528 741 556; x_wconf 90' lang='lat' dir='ltr'>est</span> <span class='ocrx_word' id='word_1_33' title='bbox 774 528 811 556; x_wconf 89' lang='lat' dir='ltr'>et</span> <span class='ocrx_word' id='word_1_34' title='bbox 843 518 938 555; x_wconf 89' lang='lat' dir='ltr'>satis</span> <span class='ocrx_word' id='word_1_35' title='bbox 972 531 1045 566; x_wconf 87' lang='lat' dir='ltr'>pro</span> <span class='ocrx_word' id='word_1_36' title='bbox 1071 518 1258 566; x_wconf 77' lang='lat' dir='ltr'>presenti,</span> <span class='ocrx_word' id='word_1_37' title='bbox 1293 518 1401 565; x_wconf 93' lang='lat' dir='ltr'>quod</span> <span class='ocrx_word' id='word_1_38' title='bbox 1424 516 1548 553; x_wconf 80' lang='lat' dir='ltr'>nichil</span> <span class='ocrx_word' id='word_1_39' title='bbox 1570 530 1650 553; x_wconf 91' lang='lat' dir='ltr'>non</span> <span class='ocrx_word' id='word_1_40' title='bbox 1674 514 1848 553; x_wconf 78' lang='lat' dir='ltr'>volun-5</span> 
     </span>
     <span class='ocr_line' id='line_1_7' title="bbox 498 575 1816 626; baseline -0.004 -11"><span class='ocrx_word' id='word_1_41' title='bbox 498 579 647 616; x_wconf 87' lang='lat' dir='ltr'>tarium</span> <span class='ocrx_word' id='word_1_42' title='bbox 680 577 833 626; x_wconf 88' lang='lat' dir='ltr'>appetit</span> <span class='ocrx_word' id='word_1_43' title='bbox 865 577 926 613; x_wconf 87' lang='lat' dir='ltr'>vel</span> <span class='ocrx_word' id='word_1_44' title='bbox 958 576 1111 622; x_wconf 89' lang='lat' dir='ltr'>nititur,</span> <span class='ocrx_word' id='word_1_45' title='bbox 1144 575 1219 612; x_wconf 85' lang='lat' dir='ltr'>nisi</span> <span class='ocrx_word' id='word_1_46' title='bbox 1252 576 1472 611; x_wconf 89' lang='lat' dir='ltr'>secundum</span> <span class='ocrx_word' id='word_1_47' title='bbox 1497 575 1675 611; x_wconf 87' lang='lat' dir='ltr'>divinum</span> <span class='ocrx_word' id='word_1_48' title='bbox 1700 576 1816 611; x_wconf 89' lang='lat' dir='ltr'>bene-</span> 
     </span>
     <span class='ocr_line' id='line_1_8' title="bbox 498 633 1815 686; baseline -0.004 -12"><span class='ocrx_word' id='word_1_49' title='bbox 498 636 691 686; x_wconf 89' lang='lat' dir='ltr'>placitum</span> <span class='ocrx_word' id='word_1_50' title='bbox 724 635 793 684; x_wconf 87' lang='lat' dir='ltr'>sic,</span> <span class='ocrx_word' id='word_1_51' title='bbox 829 636 938 684; x_wconf 90' lang='lat' dir='ltr'>quod</span> <span class='ocrx_word' id='word_1_52' title='bbox 961 637 1066 670; x_wconf 82' lang='lat' dir='ltr'>Deus</span> <span class='ocrx_word' id='word_1_53' title='bbox 1088 634 1154 671; x_wconf 83' lang='lat' dir='ltr'>wlt</span> <span class='ocrx_word' id='word_1_54' title='bbox 1182 633 1313 682; x_wconf 82' lang='lat' dir='ltr'>ipsum</span> <span class='ocrx_word' id='word_1_55' title='bbox 1344 633 1399 670; x_wconf 89' lang='lat' dir='ltr'>sic</span> <span class='ocrx_word' id='word_1_56' title='bbox 1429 633 1500 669; x_wconf 91' lang='lat' dir='ltr'>niti</span> <span class='ocrx_word' id='word_1_57' title='bbox 1523 634 1584 670; x_wconf 93' lang='lat' dir='ltr'>vel</span> <span class='ocrx_word' id='word_1_58' title='bbox 1612 642 1815 681; x_wconf 88' lang='lat' dir='ltr'>appetere,</span> 
     </span>
     <span class='ocr_line' id='line_1_9' title="bbox 499 691 1815 740; baseline -0.004 -8"><span class='ocrx_word' id='word_1_59' title='bbox 499 695 571 732; x_wconf 91' lang='lat' dir='ltr'>etsi</span> <span class='ocrx_word' id='word_1_60' title='bbox 594 708 674 731; x_wconf 93' lang='lat' dir='ltr'>non</span> <span class='ocrx_word' id='word_1_61' title='bbox 696 693 788 730; x_wconf 89' lang='lat' dir='ltr'>velit</span> <span class='ocrx_word' id='word_1_62' title='bbox 812 695 949 729; x_wconf 90' lang='lat' dir='ltr'>datum</span> <span class='ocrx_word' id='word_1_63' title='bbox 974 693 1107 737; x_wconf 89' lang='lat' dir='ltr'>finem,</span> <span class='ocrx_word' id='word_1_64' title='bbox 1133 704 1250 740; x_wconf 90' lang='lat' dir='ltr'>quem</span> <span class='ocrx_word' id='word_1_65' title='bbox 1275 691 1442 739; x_wconf 88' lang='lat' dir='ltr'>appetit,</span> <span class='ocrx_word' id='word_1_66' title='bbox 1477 704 1561 728; x_wconf 88' lang='lat' dir='ltr'>esse</span> <span class='ocrx_word' id='word_1_67' title='bbox 1585 700 1815 736; x_wconf 79' lang='lat' dir='ltr'>executum3</span> 
     </span>
     <span class='ocr_line' id='line_1_10' title="bbox 500 749 1817 799; baseline -0.004 -9"><span class='ocrx_word' id='word_1_68' title='bbox 500 763 537 790; x_wconf 90' lang='lat' dir='ltr'>et</span> <span class='ocrx_word' id='word_1_69' title='bbox 581 752 636 789; x_wconf 87' lang='lat' dir='ltr'>ita</span> <span class='ocrx_word' id='word_1_70' title='bbox 678 765 760 788; x_wconf 91' lang='lat' dir='ltr'>non</span> <span class='ocrx_word' id='word_1_71' title='bbox 804 750 985 799; x_wconf 89' lang='lat' dir='ltr'>sequitur</span> <span class='ocrx_word' id='word_1_72' title='bbox 1029 753 1134 786; x_wconf 90' lang='lat' dir='ltr'>Deus</span> <span class='ocrx_word' id='word_1_73' title='bbox 1180 749 1327 786; x_wconf 81' lang='lat' dir='ltr'>resistit</span> <span class='ocrx_word' id='word_1_74' title='bbox 1374 749 1437 786; x_wconf 84' lang='lat' dir='ltr'>isti</span> <span class='ocrx_word' id='word_1_75' title='bbox 1482 749 1627 797; x_wconf 87' lang='lat' dir='ltr'>agenti,</span> <span class='ocrx_word' id='word_1_76' title='bbox 1675 749 1716 785; x_wconf 90' lang='lat' dir='ltr'>id</span> <span class='ocrx_word' id='word_1_77' title='bbox 1760 757 1817 785; x_wconf 87' lang='lat' dir='ltr'>est</span> 
     </span>
     <span class='ocr_line' id='line_1_11' title="bbox 499 807 1877 860; baseline -0.004 -13"><span class='ocrx_word' id='word_1_78' title='bbox 499 810 667 860; x_wconf 90' lang='lat' dir='ltr'>impedit</span> <span class='ocrx_word' id='word_1_79' title='bbox 700 810 846 858; x_wconf 87' lang='lat' dir='ltr'>ipsum,</span> <span class='ocrx_word' id='word_1_80' title='bbox 880 821 928 845; x_wconf 90' lang='lat' dir='ltr'>ne</span> <span class='ocrx_word' id='word_1_81' title='bbox 961 809 1106 845; x_wconf 88' lang='lat' dir='ltr'>habeat</span> <span class='ocrx_word' id='word_1_82' title='bbox 1141 809 1279 844; x_wconf 88' lang='lat' dir='ltr'>datum</span> <span class='ocrx_word' id='word_1_83' title='bbox 1314 808 1448 854; x_wconf 89' lang='lat' dir='ltr'>finem,</span> <span class='ocrx_word' id='word_1_84' title='bbox 1489 820 1607 856; x_wconf 90' lang='lat' dir='ltr'>quem</span> <span class='ocrx_word' id='word_1_85' title='bbox 1643 807 1877 855; x_wconf 82' lang='lat' dir='ltr'>appetit31o</span> 
     </span>
     <span class='ocr_line' id='line_1_12' title="bbox 500 864 1817 914; baseline -0.005 -8"><span class='ocrx_word' id='word_1_86' title='bbox 500 879 537 906; x_wconf 91' lang='lat' dir='ltr'>et</span> <span class='ocrx_word' id='word_1_87' title='bbox 570 867 772 906; x_wconf 84' lang='lat' dir='ltr'>concurrit</span> <span class='ocrx_word' id='word_1_88' title='bbox 806 880 895 904; x_wconf 89' lang='lat' dir='ltr'>cum</span> <span class='ocrx_word' id='word_1_89' title='bbox 929 868 1070 903; x_wconf 90' lang='lat' dir='ltr'>eodem</span> <span class='ocrx_word' id='word_1_90' title='bbox 1105 875 1265 914; x_wconf 76' lang='lat' dir='ltr'>agente,</span> <span class='ocrx_word' id='word_1_91' title='bbox 1305 878 1398 913; x_wconf 90' lang='lat' dir='ltr'>ergo</span> <span class='ocrx_word' id='word_1_92' title='bbox 1438 865 1583 902; x_wconf 83' lang='lat' dir='ltr'>resistit</span> <span class='ocrx_word' id='word_1_93' title='bbox 1623 865 1695 901; x_wconf 85' lang='lat' dir='ltr'>sibi</span> <span class='ocrx_word' id='word_1_94' title='bbox 1728 864 1817 913; x_wconf 88' lang='lat' dir='ltr'>ipsi,</span> 
     </span>
     <span class='ocr_line' id='line_1_13' title="bbox 500 923 1818 976; baseline -0.003 -13"><span class='ocrx_word' id='word_1_95' title='bbox 500 927 595 976; x_wconf 89' lang='lat' dir='ltr'>quia</span> <span class='ocrx_word' id='word_1_96' title='bbox 638 926 728 962; x_wconf 87' lang='lat' dir='ltr'>ideo</span> <span class='ocrx_word' id='word_1_97' title='bbox 775 925 977 962; x_wconf 90' lang='lat' dir='ltr'>concurrit</span> <span class='ocrx_word' id='word_1_98' title='bbox 1020 925 1081 961; x_wconf 87' lang='lat' dir='ltr'>vel</span> <span class='ocrx_word' id='word_1_99' title='bbox 1125 924 1205 972; x_wconf 87' lang='lat' dir='ltr'>agit</span> <span class='ocrx_word' id='word_1_100' title='bbox 1249 925 1298 960; x_wconf 88' lang='lat' dir='ltr'>ad</span> <span class='ocrx_word' id='word_1_101' title='bbox 1344 925 1430 969; x_wconf 88' lang='lat' dir='ltr'>hoc,</span> <span class='ocrx_word' id='word_1_102' title='bbox 1472 932 1514 959; x_wconf 91' lang='lat' dir='ltr'>ut</span> <span class='ocrx_word' id='word_1_103' title='bbox 1552 923 1658 959; x_wconf 90' lang='lat' dir='ltr'>idem</span> <span class='ocrx_word' id='word_1_104' title='bbox 1699 935 1818 971; x_wconf 87' lang='lat' dir='ltr'>agens</span> 
     </span>
     <span class='ocr_line' id='line_1_14' title="bbox 501 983 986 1022; baseline -0.008 0"><span class='ocrx_word' id='word_1_105' title='bbox 501 986 646 1022; x_wconf 88' lang='lat' dir='ltr'>habeat</span> <span class='ocrx_word' id='word_1_106' title='bbox 680 986 819 1020; x_wconf 89' lang='lat' dir='ltr'>datum</span> <span class='ocrx_word' id='word_1_107' title='bbox 853 983 986 1019; x_wconf 88' lang='lat' dir='ltr'>finem.</span> 
     </span>
    </p>

    <p class='ocr_par' dir='ltr' id='par_1_4' title="bbox 211 1042 1877 1208">
     <span class='ocr_line' id='line_1_15' title="bbox 211 1042 1819 1091; baseline -0.003 -11"><span class='ocrx_word' id='word_1_108' title='bbox 211 1050 278 1078; x_wconf 82' lang='lat' dir='ltr'>The</span> <span class='ocrx_word' id='word_1_109' title='bbox 298 1057 438 1076; x_wconf 80' lang='lat' dir='ltr'>measure</span> <span class='ocrx_word' id='word_1_110' title='bbox 458 1048 492 1075; x_wconf 82' lang='lat' dir='ltr'>of</span> <span class='ocrx_word' id='word_1_111' title='bbox 561 1045 609 1079; x_wconf 89' lang='lat' dir='ltr'>Et</span> <span class='ocrx_word' id='word_1_112' title='bbox 641 1055 712 1091; x_wconf 88' lang='lat' dir='ltr'>per</span> <span class='ocrx_word' id='word_1_113' title='bbox 745 1043 819 1078; x_wconf 89' lang='lat' dir='ltr'>hoc</span> <span class='ocrx_word' id='word_1_114' title='bbox 852 1049 974 1089; x_wconf 87' lang='lat' dir='ltr'>patet,</span> <span class='ocrx_word' id='word_1_115' title='bbox 1009 1042 1117 1088; x_wconf 90' lang='lat' dir='ltr'>quod</span> <span class='ocrx_word' id='word_1_116' title='bbox 1150 1052 1288 1076; x_wconf 89' lang='lat' dir='ltr'>omnes</span> <span class='ocrx_word' id='word_1_117' title='bbox 1323 1051 1507 1076; x_wconf 85' lang='lat' dir='ltr'>mensure</span> <span class='ocrx_word' id='word_1_118' title='bbox 1538 1048 1668 1076; x_wconf 90' lang='lat' dir='ltr'>create</span> <span class='ocrx_word' id='word_1_119' title='bbox 1693 1047 1819 1076; x_wconf 87' lang='lat' dir='ltr'>atten-</span> 
     </span>
     <span class='ocr_line' id='line_1_16' title="bbox 259 1083 1877 1154; baseline -0.004 -16"><span class='ocrx_word' id='word_1_120' title='bbox 259 1083 440 1154; x_wconf 51' lang='lat' dir='ltr'>ffililfgassgg</span> <span class='ocrx_word' id='word_1_121' title='bbox 503 1103 651 1138; x_wconf 89' lang='lat' dir='ltr'>duntur</span> <span class='ocrx_word' id='word_1_122' title='bbox 683 1112 803 1148; x_wconf 87' lang='lat' dir='ltr'>penes</span> <span class='ocrx_word' id='word_1_123' title='bbox 827 1099 1005 1136; x_wconf 86' lang='lat' dir='ltr'>divinum</span> <span class='ocrx_word' id='word_1_124' title='bbox 1030 1098 1323 1146; x_wconf 90' lang='lat' dir='ltr'>beneplacitum</span> <span class='ocrx_word' id='word_1_125' title='bbox 1347 1098 1408 1134; x_wconf 92' lang='lat' dir='ltr'>vel</span> <span class='ocrx_word' id='word_1_126' title='bbox 1434 1098 1516 1134; x_wconf 85' lang='lat' dir='ltr'>eius</span> <span class='ocrx_word' id='word_1_127' title='bbox 1542 1097 1819 1134; x_wconf 81' lang='lat' dir='ltr'>ordinanciarn</span> <span class='ocrx_word' id='word_1_128' title='bbox 1840 1100 1877 1132; x_wconf 88' lang='lat'>15</span> 
     </span>
     <span class='ocr_line' id='line_1_17' title="bbox 212 1153 1820 1208; baseline -0.004 -11"><span class='ocrx_word' id='word_1_129' title='bbox 212 1154 432 1193; x_wconf 63' lang='lat' dir='ltr'>consequemly</span> <span class='ocrx_word' id='word_1_130' title='bbox 452 1153 486 1180; x_wconf 90' lang='lat' dir='ltr'>of</span> <span class='ocrx_word' id='word_1_131' title='bbox 504 1172 583 1208; x_wconf 92' lang='lat' dir='ltr'>quo</span> <span class='ocrx_word' id='word_1_132' title='bbox 624 1160 673 1195; x_wconf 91' lang='lat' dir='ltr'>ad</span> <span class='ocrx_word' id='word_1_133' title='bbox 713 1170 888 1204; x_wconf 86' lang='lat' dir='ltr'>causam,</span> <span class='ocrx_word' id='word_1_134' title='bbox 928 1166 971 1193; x_wconf 89' lang='lat' dir='ltr'>ut</span> <span class='ocrx_word' id='word_1_135' title='bbox 1009 1156 1257 1204; x_wconf 81' lang='lat' dir='ltr'>magnitudo,</span> <span class='ocrx_word' id='word_1_136' title='bbox 1303 1156 1474 1192; x_wconf 89' lang='lat' dir='ltr'>latitudo</span> <span class='ocrx_word' id='word_1_137' title='bbox 1511 1156 1573 1192; x_wconf 92' lang='lat' dir='ltr'>vel</span> <span class='ocrx_word' id='word_1_138' title='bbox 1610 1155 1820 1203; x_wconf 84' lang='lat' dir='ltr'>longitudo</span> 
     </span>
    </p>
   </div>
   <div class='ocr_carea' id='block_1_3' title="bbox 243 1188 1822 1265">
    <p class='ocr_par' dir='ltr' id='par_1_5' title="bbox 243 1188 1822 1265">
     <span class='ocr_line' id='line_1_18' title="bbox 243 1188 1822 1265; baseline -0.002 -13"><span class='ocrx_word' id='word_1_139' title='bbox 243 1188 453 1252; x_wconf 43' lang='lat' dir='ltr'>ffecstigietiiczemi}</span> <span class='ocrx_word' id='word_1_140' title='bbox 504 1216 697 1265; x_wconf 89' lang='lat' dir='ltr'>corporis,</span> <span class='ocrx_word' id='word_1_141' title='bbox 731 1215 906 1252; x_wconf 82' lang='lat' dir='ltr'>intencio</span> <span class='ocrx_word' id='word_1_142' title='bbox 931 1214 1146 1264; x_wconf 81' lang='lat' dir='ltr'>qualitatis,</span> <span class='ocrx_word' id='word_1_143' title='bbox 1179 1213 1415 1260; x_wconf 87' lang='lat' dir='ltr'>velocitatis,</span> <span class='ocrx_word' id='word_1_144' title='bbox 1451 1213 1626 1250; x_wconf 78' lang='lat' dir='ltr'>accionis</span> <span class='ocrx_word' id='word_1_145' title='bbox 1651 1223 1687 1250; x_wconf 90' lang='lat' dir='ltr'>et</span> <span class='ocrx_word' id='word_1_146' title='bbox 1710 1213 1822 1249; x_wconf 91' lang='lat' dir='ltr'>boni-</span> 
     </span>
    </p>
   </div>
   <div class='ocr_carea' id='block_1_4' title="bbox 216 1258 1885 2600">
    <p class='ocr_par' dir='ltr' id='par_1_6' title="bbox 216 1258 769 1292">
     <span class='ocr_line' id='line_1_19' title="bbox 216 1258 769 1292; baseline -0.014 -5"><span class='ocrx_word' id='word_1_147' title='bbox 216 1259 313 1287; x_wconf 87' lang='lat' dir='ltr'>God&#39;s</span> <span class='ocrx_word' id='word_1_148' title='bbox 334 1258 480 1292; x_wconf 68' lang='lat' dir='ltr'>goodwill</span> <span class='ocrx_word' id='word_1_149' title='bbox 567 1275 573 1281; x_wconf 91' lang='lat'><strong>.</strong></span> <span class='ocrx_word' id='word_1_150' title='bbox 683 1274 689 1280; x_wconf 92' lang='lat'><strong>.</strong></span> <span class='ocrx_word' id='word_1_151' title='bbox 763 1273 769 1279; x_wconf 94' lang='lat'>.</span> 
     </span>
    </p>

    <p class='ocr_par' dir='ltr' id='par_1_7' title="bbox 232 1271 1885 2600">
     <span class='ocr_line' id='line_1_20' title="bbox 232 1271 1821 1329; baseline -0.004 -16"><span class='ocrx_word' id='word_1_152' title='bbox 232 1294 291 1321; x_wconf 80' lang='lat' dir='ltr'>and</span> <span class='ocrx_word' id='word_1_153' title='bbox 314 1294 464 1329; x_wconf 80' lang='lat' dir='ltr'>pleasure.</span> <span class='ocrx_word' id='word_1_154' title='bbox 503 1284 595 1312; x_wconf 80' lang='lat' dir='ltr'>tatis</span> <span class='ocrx_word' id='word_1_155' title='bbox 630 1274 841 1311; x_wconf 87' lang='lat' dir='ltr'>cu1uslibet</span> <span class='ocrx_word' id='word_1_156' title='bbox 875 1282 1055 1310; x_wconf 84' lang='lat' dir='ltr'>creature</span> <span class='ocrx_word' id='word_1_157' title='bbox 1088 1282 1145 1309; x_wconf 88' lang='lat' dir='ltr'>est</span> <span class='ocrx_word' id='word_1_158' title='bbox 1184 1281 1307 1318; x_wconf 88' lang='lat' dir='ltr'>tanta,</span> <span class='ocrx_word' id='word_1_159' title='bbox 1348 1273 1456 1321; x_wconf 88' lang='lat' dir='ltr'>quod</span> <span class='ocrx_word' id='word_1_160' title='bbox 1491 1274 1596 1308; x_wconf 91' lang='lat' dir='ltr'>Deus</span> <span class='ocrx_word' id='word_1_161' title='bbox 1632 1273 1706 1308; x_wconf 89' lang='lat' dir='ltr'>hoc</span> <span class='ocrx_word' id='word_1_162' title='bbox 1736 1271 1821 1315; x_wconf 88' lang='lat' dir='ltr'>wlt;</span> 
     </span>
     <span class='ocr_line' id='line_1_21' title="bbox 504 1330 1821 1381; baseline -0.003 -12"><span class='ocrx_word' id='word_1_163' title='bbox 504 1335 571 1370; x_wconf 86' lang='lat' dir='ltr'>sed</span> <span class='ocrx_word' id='word_1_164' title='bbox 596 1332 690 1381; x_wconf 88' lang='lat' dir='ltr'>quia</span> <span class='ocrx_word' id='word_1_165' title='bbox 712 1332 871 1368; x_wconf 90' lang='lat' dir='ltr'>volucio</span> <span class='ocrx_word' id='word_1_166' title='bbox 896 1331 968 1367; x_wconf 92' lang='lat' dir='ltr'>Dei</span> <span class='ocrx_word' id='word_1_167' title='bbox 993 1339 1050 1367; x_wconf 89' lang='lat' dir='ltr'>est</span> <span class='ocrx_word' id='word_1_168' title='bbox 1082 1330 1197 1367; x_wconf 90' lang='lat' dir='ltr'>nobis</span> <span class='ocrx_word' id='word_1_169' title='bbox 1229 1330 1445 1378; x_wconf 89' lang='lat' dir='ltr'>incognita,</span> <span class='ocrx_word' id='word_1_170' title='bbox 1479 1330 1556 1366; x_wconf 90' lang='lat' dir='ltr'>nisi</span> <span class='ocrx_word' id='word_1_171' title='bbox 1589 1331 1636 1366; x_wconf 91' lang='lat' dir='ltr'>de</span> <span class='ocrx_word' id='word_1_172' title='bbox 1670 1337 1821 1378; x_wconf 91' lang='lat' dir='ltr'>quanto</span> 
     </span>
     <span class='ocr_line' id='line_1_22' title="bbox 504 1387 1880 1440; baseline -0.004 -12"><span class='ocrx_word' id='word_1_173' title='bbox 504 1392 616 1440; x_wconf 89' lang='lat' dir='ltr'>signa</span> <span class='ocrx_word' id='word_1_174' title='bbox 648 1390 848 1427; x_wconf 80' lang='lat' dir='ltr'>naturalia</span> <span class='ocrx_word' id='word_1_175' title='bbox 881 1390 955 1426; x_wconf 90' lang='lat' dir='ltr'>sibi</span> <span class='ocrx_word' id='word_1_176' title='bbox 988 1397 1275 1434; x_wconf 89' lang='lat' dir='ltr'>contestantur,</span> <span class='ocrx_word' id='word_1_177' title='bbox 1310 1388 1400 1425; x_wconf 90' lang='lat' dir='ltr'>ideo</span> <span class='ocrx_word' id='word_1_178' title='bbox 1433 1397 1605 1437; x_wconf 90' lang='lat' dir='ltr'>querunt</span> <span class='ocrx_word' id='word_1_179' title='bbox 1640 1387 1822 1424; x_wconf 88' lang='lat' dir='ltr'>moderni</span> <span class='ocrx_word' id='word_1_180' title='bbox 1839 1400 1880 1421; x_wconf 84' lang='lat'>20</span> 
     </span>
     <span class='ocr_line' id='line_1_23' title="bbox 505 1446 1821 1495; baseline -0.004 -9"><span class='ocrx_word' id='word_1_181' title='bbox 505 1449 603 1487; x_wconf 88' lang='lat' dir='ltr'>alias</span> <span class='ocrx_word' id='word_1_182' title='bbox 637 1461 844 1485; x_wconf 88' lang='lat' dir='ltr'>mensuras</span> <span class='ocrx_word' id='word_1_183' title='bbox 878 1447 1114 1493; x_wconf 87' lang='lat' dir='ltr'>inductivas,</span> <span class='ocrx_word' id='word_1_184' title='bbox 1156 1459 1277 1494; x_wconf 84' lang='lat' dir='ltr'>penes</span> <span class='ocrx_word' id='word_1_185' title='bbox 1310 1459 1409 1494; x_wconf 90' lang='lat' dir='ltr'>quas</span> <span class='ocrx_word' id='word_1_186' title='bbox 1442 1459 1520 1495; x_wconf 90' lang='lat' dir='ltr'>quo</span> <span class='ocrx_word' id='word_1_187' title='bbox 1554 1447 1604 1483; x_wconf 92' lang='lat' dir='ltr'>ad</span> <span class='ocrx_word' id='word_1_188' title='bbox 1638 1446 1821 1482; x_wconf 86' lang='lat' dir='ltr'>effectum</span> 
     </span>
     <span class='ocr_line' id='line_1_24' title="bbox 504 1504 1823 1556; baseline -0.003 -12"><span class='ocrx_word' id='word_1_189' title='bbox 504 1520 715 1556; x_wconf 86' lang='lat' dir='ltr'>possumus</span> <span class='ocrx_word' id='word_1_190' title='bbox 761 1505 990 1542; x_wconf 87' lang='lat' dir='ltr'>huiusmodi</span> <span class='ocrx_word' id='word_1_191' title='bbox 1035 1517 1286 1550; x_wconf 79' lang='lat' dir='ltr'>mensurare3</span> <span class='ocrx_word' id='word_1_192' title='bbox 1333 1514 1369 1541; x_wconf 90' lang='lat' dir='ltr'>et</span> <span class='ocrx_word' id='word_1_193' title='bbox 1413 1518 1486 1552; x_wconf 86' lang='lat' dir='ltr'>pro</span> <span class='ocrx_word' id='word_1_194' title='bbox 1527 1504 1671 1541; x_wconf 90' lang='lat' dir='ltr'>maiori</span> <span class='ocrx_word' id='word_1_195' title='bbox 1710 1513 1823 1551; x_wconf 86' lang='lat' dir='ltr'>parte</span> 
     </span>
     <span class='ocr_line' id='line_1_25' title="bbox 504 1562 1822 1614; baseline -0.004 -12"><span class='ocrx_word' id='word_1_196' title='bbox 504 1565 810 1614; x_wconf 81' lang='lat' dir='ltr'>impertinentes</span> <span class='ocrx_word' id='word_1_197' title='bbox 852 1573 888 1600; x_wconf 90' lang='lat' dir='ltr'>et</span> <span class='ocrx_word' id='word_1_198' title='bbox 928 1563 1059 1599; x_wconf 88' lang='lat' dir='ltr'>minus</span> <span class='ocrx_word' id='word_1_199' title='bbox 1099 1562 1322 1599; x_wconf 86' lang='lat' dir='ltr'>scolastice.</span> <span class='ocrx_word' id='word_1_200' title='bbox 1376 1564 1462 1599; x_wconf 92' lang='lat' dir='ltr'>Hoc</span> <span class='ocrx_word' id='word_1_201' title='bbox 1502 1571 1635 1599; x_wconf 83' lang='lat' dir='ltr'>autern</span> <span class='ocrx_word' id='word_1_202' title='bbox 1671 1571 1822 1598; x_wconf 88' lang='lat' dir='ltr'>certum</span> 
     </span>
     <span class='ocr_line' id='line_1_26' title="bbox 506 1620 1824 1672; baseline -0.005 -11"><span class='ocrx_word' id='word_1_203' title='bbox 506 1633 575 1669; x_wconf 91' lang='lat' dir='ltr'>est,</span> <span class='ocrx_word' id='word_1_204' title='bbox 610 1625 717 1672; x_wconf 89' lang='lat' dir='ltr'>quod</span> <span class='ocrx_word' id='word_1_205' title='bbox 750 1623 781 1659; x_wconf 86' lang='lat' dir='ltr'>si</span> <span class='ocrx_word' id='word_1_206' title='bbox 805 1622 1020 1670; x_wconf 89' lang='lat' dir='ltr'>proporcio</span> <span class='ocrx_word' id='word_1_207' title='bbox 1045 1621 1234 1669; x_wconf 88' lang='lat' dir='ltr'>completi</span> <span class='ocrx_word' id='word_1_208' title='bbox 1259 1620 1453 1657; x_wconf 91' lang='lat' dir='ltr'>moventis</span> <span class='ocrx_word' id='word_1_209' title='bbox 1477 1620 1526 1656; x_wconf 88' lang='lat' dir='ltr'>sit</span> <span class='ocrx_word' id='word_1_210' title='bbox 1550 1620 1695 1666; x_wconf 85' lang='lat' dir='ltr'>minor,</span> <span class='ocrx_word' id='word_1_211' title='bbox 1729 1629 1824 1656; x_wconf 90' lang='lat' dir='ltr'>tunc</span> 
     </span>
     <span class='ocr_line' id='line_1_27' title="bbox 504 1678 1880 1726; baseline -0.004 -8"><span class='ocrx_word' id='word_1_212' title='bbox 504 1681 693 1719; x_wconf 88' lang='lat' dir='ltr'>velocitas</span> <span class='ocrx_word' id='word_1_213' title='bbox 726 1689 860 1717; x_wconf 92' lang='lat' dir='ltr'>motus</span> <span class='ocrx_word' id='word_1_214' title='bbox 893 1680 952 1716; x_wconf 88' lang='lat' dir='ltr'>sui</span> <span class='ocrx_word' id='word_1_215' title='bbox 986 1688 1042 1716; x_wconf 90' lang='lat' dir='ltr'>est</span> <span class='ocrx_word' id='word_1_216' title='bbox 1077 1679 1228 1725; x_wconf 87' lang='lat' dir='ltr'>minor;</span> <span class='ocrx_word' id='word_1_217' title='bbox 1267 1688 1304 1715; x_wconf 90' lang='lat' dir='ltr'>et</span> <span class='ocrx_word' id='word_1_218' title='bbox 1343 1678 1520 1726; x_wconf 78' lang='lat' dir='ltr'>intelligo</span> <span class='ocrx_word' id='word_1_219' title='bbox 1555 1691 1624 1726; x_wconf 87' lang='lat' dir='ltr'>per</span> <span class='ocrx_word' id='word_1_220' title='bbox 1656 1680 1880 1726; x_wconf 76' lang='lat' dir='ltr'>propor-25</span> 
     </span>
     <span class='ocr_line' id='line_1_28' title="bbox 506 1736 1825 1787; baseline -0.004 -10"><span class='ocrx_word' id='word_1_221' title='bbox 506 1740 662 1777; x_wconf 87' lang='lat' dir='ltr'>cionem</span> <span class='ocrx_word' id='word_1_222' title='bbox 696 1739 967 1787; x_wconf 89' lang='lat' dir='ltr'>ydoneitatcm</span> <span class='ocrx_word' id='word_1_223' title='bbox 1001 1737 1306 1786; x_wconf 86' lang='lat' dir='ltr'>quomodolibet</span> <span class='ocrx_word' id='word_1_224' title='bbox 1345 1745 1520 1773; x_wconf 87' lang='lat' dir='ltr'>creatam</span> <span class='ocrx_word' id='word_1_225' title='bbox 1555 1738 1603 1773; x_wconf 87' lang='lat' dir='ltr'>ad</span> <span class='ocrx_word' id='word_1_226' title='bbox 1637 1736 1825 1773; x_wconf 88' lang='lat' dir='ltr'>velociter</span> 
     </span>
     <span class='ocr_line' id='line_1_29' title="bbox 508 1794 1825 1842; baseline -0.004 -7"><span class='ocrx_word' id='word_1_227' title='bbox 508 1799 747 1835; x_wconf 87' lang='lat' dir='ltr'>movendum</span> <span class='ocrx_word' id='word_1_228' title='bbox 796 1805 832 1833; x_wconf 93' lang='lat' dir='ltr'>et</span> <span class='ocrx_word' id='word_1_229' title='bbox 877 1805 1053 1842; x_wconf 88' lang='lat' dir='ltr'>econtra,</span> <span class='ocrx_word' id='word_1_230' title='bbox 1105 1804 1147 1831; x_wconf 89' lang='lat' dir='ltr'>ut</span> <span class='ocrx_word' id='word_1_231' title='bbox 1192 1795 1323 1831; x_wconf 87' lang='lat' dir='ltr'>minor</span> <span class='ocrx_word' id='word_1_232' title='bbox 1373 1804 1430 1831; x_wconf 86' lang='lat' dir='ltr'>est</span> <span class='ocrx_word' id='word_1_233' title='bbox 1474 1795 1563 1831; x_wconf 89' lang='lat' dir='ltr'>talis</span> <span class='ocrx_word' id='word_1_234' title='bbox 1608 1794 1825 1842; x_wconf 89' lang='lat' dir='ltr'>proporcio</span> 
     </span>
     <span class='ocr_line' id='line_1_30' title="bbox 507 1853 1826 1901; baseline -0.004 -8"><span class='ocrx_word' id='word_1_235' title='bbox 507 1856 736 1893; x_wconf 83' lang='lat' dir='ltr'>resistencie</span> <span class='ocrx_word' id='word_1_236' title='bbox 760 1864 818 1892; x_wconf 89' lang='lat' dir='ltr'>est</span> <span class='ocrx_word' id='word_1_237' title='bbox 848 1863 978 1890; x_wconf 90' lang='lat' dir='ltr'>motus</span> <span class='ocrx_word' id='word_1_238' title='bbox 1013 1853 1158 1890; x_wconf 91' lang='lat' dir='ltr'>minor.</span> <span class='ocrx_word' id='word_1_239' title='bbox 1211 1856 1292 1889; x_wconf 88' lang='lat' dir='ltr'>Nec</span> <span class='ocrx_word' id='word_1_240' title='bbox 1325 1853 1518 1901; x_wconf 83' lang='lat' dir='ltr'>sequitur,</span> <span class='ocrx_word' id='word_1_241' title='bbox 1552 1854 1660 1900; x_wconf 85' lang='lat' dir='ltr'>quod</span> <span class='ocrx_word' id='word_1_242' title='bbox 1694 1861 1826 1888; x_wconf 89' lang='lat' dir='ltr'>motus</span> 
     </span>
     <span class='ocr_line' id='line_1_31' title="bbox 506 1910 1825 1963; baseline -0.005 -12"><span class='ocrx_word' id='word_1_243' title='bbox 506 1923 641 1963; x_wconf 87' lang='lat' dir='ltr'>posset</span> <span class='ocrx_word' id='word_1_244' title='bbox 685 1926 769 1950; x_wconf 90' lang='lat' dir='ltr'>esse</span> <span class='ocrx_word' id='word_1_245' title='bbox 813 1913 854 1949; x_wconf 91' lang='lat' dir='ltr'>in</span> <span class='ocrx_word' id='word_1_246' title='bbox 897 1925 1036 1958; x_wconf 81' lang='lat' dir='ltr'>vacuo,</span> <span class='ocrx_word' id='word_1_247' title='bbox 1080 1924 1153 1948; x_wconf 92' lang='lat' dir='ltr'>nec</span> <span class='ocrx_word' id='word_1_248' title='bbox 1198 1912 1306 1959; x_wconf 91' lang='lat' dir='ltr'>quod</span> <span class='ocrx_word' id='word_1_249' title='bbox 1354 1913 1471 1955; x_wconf 82' lang='lat' dir='ltr'>Deus,</span> <span class='ocrx_word' id='word_1_250' title='bbox 1518 1910 1549 1946; x_wconf 91' lang='lat' dir='ltr'>si</span> <span class='ocrx_word' id='word_1_251' title='bbox 1592 1910 1825 1946; x_wconf 85' lang='lat' dir='ltr'>immediate</span> 
     </span>
     <span class='ocr_line' id='line_1_32' title="bbox 509 1968 1884 2018; baseline -0.004 -9"><span class='ocrx_word' id='word_1_252' title='bbox 509 1981 686 2009; x_wconf 87' lang='lat' dir='ltr'>moveret</span> <span class='ocrx_word' id='word_1_253' title='bbox 726 1972 867 2017; x_wconf 90' lang='lat' dir='ltr'>celum,</span> <span class='ocrx_word' id='word_1_254' title='bbox 910 1979 1087 2007; x_wconf 88' lang='lat' dir='ltr'>moveret</span> <span class='ocrx_word' id='word_1_255' title='bbox 1125 1970 1256 2018; x_wconf 88' lang='lat' dir='ltr'>ipsum</span> <span class='ocrx_word' id='word_1_256' title='bbox 1291 1969 1434 2015; x_wconf 90' lang='lat' dir='ltr'>subito,</span> <span class='ocrx_word' id='word_1_257' title='bbox 1481 1977 1517 2004; x_wconf 90' lang='lat' dir='ltr'>et</span> <span class='ocrx_word' id='word_1_258' title='bbox 1557 1968 1611 2004; x_wconf 91' lang='lat' dir='ltr'>sic</span> <span class='ocrx_word' id='word_1_259' title='bbox 1653 1970 1699 2004; x_wconf 91' lang='lat' dir='ltr'>de</span> <span class='ocrx_word' id='word_1_260' title='bbox 1738 1968 1825 2004; x_wconf 84' lang='lat' dir='ltr'>aliis</span> <span class='ocrx_word' id='word_1_261' title='bbox 1843 1980 1884 2003; x_wconf 72' lang='lat' dir='ltr'>oo</span> 
     </span>
     <span class='ocr_line' id='line_1_33' title="bbox 509 2025 1825 2076; baseline -0.005 -9"><span class='ocrx_word' id='word_1_262' title='bbox 509 2030 626 2067; x_wconf 89' lang='lat' dir='ltr'>hodie</span> <span class='ocrx_word' id='word_1_263' title='bbox 648 2029 825 2075; x_wconf 87' lang='lat' dir='ltr'>famosis,</span> <span class='ocrx_word' id='word_1_264' title='bbox 848 2028 923 2065; x_wconf 91' lang='lat' dir='ltr'>nisi</span> <span class='ocrx_word' id='word_1_265' title='bbox 944 2029 1046 2065; x_wconf 91' lang='lat' dir='ltr'>forte</span> <span class='ocrx_word' id='word_1_266' title='bbox 1070 2028 1249 2076; x_wconf 87' lang='lat' dir='ltr'>arguitur</span> <span class='ocrx_word' id='word_1_267' title='bbox 1271 2036 1477 2075; x_wconf 84' lang='lat' dir='ltr'>tamquam</span> <span class='ocrx_word' id='word_1_268' title='bbox 1502 2039 1544 2062; x_wconf 84' lang='lat' dir='ltr'>ex</span> <span class='ocrx_word' id='word_1_269' title='bbox 1567 2025 1825 2074; x_wconf 74' lang='lat' dir='ltr'>impossibili,</span> 
     </span>
     <span class='ocr_line' id='line_1_34' title="bbox 508 2083 1827 2135; baseline -0.005 -10"><span class='ocrx_word' id='word_1_270' title='bbox 508 2090 577 2125; x_wconf 85' lang='lat' dir='ltr'>sed</span> <span class='ocrx_word' id='word_1_271' title='bbox 610 2088 704 2125; x_wconf 87' lang='lat' dir='ltr'>satis</span> <span class='ocrx_word' id='word_1_272' title='bbox 738 2096 794 2124; x_wconf 93' lang='lat' dir='ltr'>est</span> <span class='ocrx_word' id='word_1_273' title='bbox 826 2087 1082 2135; x_wconf 85' lang='lat' dir='ltr'>philosopho,</span> <span class='ocrx_word' id='word_1_274' title='bbox 1123 2087 1231 2134; x_wconf 92' lang='lat' dir='ltr'>quod</span> <span class='ocrx_word' id='word_1_275' title='bbox 1265 2094 1460 2133; x_wconf 89' lang='lat' dir='ltr'>quantum</span> <span class='ocrx_word' id='word_1_276' title='bbox 1496 2092 1552 2121; x_wconf 89' lang='lat' dir='ltr'>est</span> <span class='ocrx_word' id='word_1_277' title='bbox 1586 2086 1632 2120; x_wconf 90' lang='lat' dir='ltr'>de</span> <span class='ocrx_word' id='word_1_278' title='bbox 1665 2083 1827 2120; x_wconf 85' lang='lat' dir='ltr'>racione</span> 
     </span>
     <span class='ocr_line' id='line_1_35' title="bbox 509 2141 1826 2195; baseline -0.005 -12"><span class='ocrx_word' id='word_1_279' title='bbox 509 2146 614 2195; x_wconf 85' lang='lat' dir='ltr'>passi</span> <span class='ocrx_word' id='word_1_280' title='bbox 652 2146 713 2182; x_wconf 88' lang='lat' dir='ltr'>vel</span> <span class='ocrx_word' id='word_1_281' title='bbox 753 2145 874 2181; x_wconf 90' lang='lat' dir='ltr'>medii</span> <span class='ocrx_word' id='word_1_282' title='bbox 914 2144 1109 2181; x_wconf 85' lang='lat' dir='ltr'>tardantis</span> <span class='ocrx_word' id='word_1_283' title='bbox 1150 2152 1187 2180; x_wconf 93' lang='lat' dir='ltr'>et</span> <span class='ocrx_word' id='word_1_284' title='bbox 1220 2142 1459 2180; x_wconf 89' lang='lat' dir='ltr'>remittentis</span> <span class='ocrx_word' id='word_1_285' title='bbox 1492 2142 1578 2190; x_wconf 89' lang='lat' dir='ltr'>ipse</span> <span class='ocrx_word' id='word_1_286' title='bbox 1612 2141 1826 2178; x_wconf 87' lang='lat' dir='ltr'>dividendo</span> 
     </span>
     <span class='ocr_line' id='line_1_36' title="bbox 510 2200 1827 2246; baseline -0.005 -5"><span class='ocrx_word' id='word_1_287' title='bbox 510 2205 707 2241; x_wconf 89' lang='lat' dir='ltr'>intentum</span> <span class='ocrx_word' id='word_1_288' title='bbox 748 2202 943 2240; x_wconf 87' lang='lat' dir='ltr'>moventis</span> <span class='ocrx_word' id='word_1_289' title='bbox 982 2203 1038 2239; x_wconf 87' lang='lat' dir='ltr'>sic</span> <span class='ocrx_word' id='word_1_290' title='bbox 1077 2210 1179 2238; x_wconf 90' lang='lat' dir='ltr'>esset</span> <span class='ocrx_word' id='word_1_291' title='bbox 1211 2201 1251 2237; x_wconf 92' lang='lat' dir='ltr'>in</span> <span class='ocrx_word' id='word_1_292' title='bbox 1284 2201 1429 2237; x_wconf 88' lang='lat' dir='ltr'>talibus</span> <span class='ocrx_word' id='word_1_293' title='bbox 1469 2200 1638 2246; x_wconf 84' lang='lat' dir='ltr'>casibus,</span> <span class='ocrx_word' id='word_1_294' title='bbox 1680 2208 1717 2236; x_wconf 89' lang='lat' dir='ltr'>et</span> <span class='ocrx_word' id='word_1_295' title='bbox 1749 2200 1827 2236; x_wconf 91' lang='lat' dir='ltr'>tale</span> 
     </span>
     <span class='ocr_line' id='line_1_37' title="bbox 511 2257 1883 2310; baseline -0.005 -11"><span class='ocrx_word' id='word_1_296' title='bbox 511 2271 567 2299; x_wconf 88' lang='lat' dir='ltr'>est</span> <span class='ocrx_word' id='word_1_297' title='bbox 606 2271 888 2310; x_wconf 84' lang='lat' dir='ltr'>argumentum</span> <span class='ocrx_word' id='word_1_298' title='bbox 927 2262 977 2297; x_wconf 88' lang='lat' dir='ltr'>ad</span> <span class='ocrx_word' id='word_1_299' title='bbox 1010 2260 1213 2297; x_wconf 85' lang='lat' dir='ltr'>hominem</span> <span class='ocrx_word' id='word_1_300' title='bbox 1255 2258 1609 2295; x_wconf 88' lang='lat' dir='ltr'>contradicentem.</span> <span class='ocrx_word' id='word_1_301' title='bbox 1662 2260 1763 2294; x_wconf 89' lang='lat' dir='ltr'>Nam</span> <span class='ocrx_word' id='word_1_302' title='bbox 1797 2257 1883 2293; x_wconf 75' lang='lat' dir='ltr'>si35</span> 
     </span>
     <span class='ocr_line' id='line_1_38' title="bbox 511 2315 1827 2363; baseline -0.004 -7"><span class='ocrx_word' id='word_1_303' title='bbox 511 2323 616 2357; x_wconf 90' lang='lat' dir='ltr'>Deus</span> <span class='ocrx_word' id='word_1_304' title='bbox 650 2328 750 2356; x_wconf 87' lang='lat' dir='ltr'>esset</span> <span class='ocrx_word' id='word_1_305' title='bbox 781 2319 906 2356; x_wconf 86' lang='lat' dir='ltr'>virtus</span> <span class='ocrx_word' id='word_1_306' title='bbox 945 2318 984 2354; x_wconf 92' lang='lat' dir='ltr'>in</span> <span class='ocrx_word' id='word_1_307' title='bbox 1018 2318 1200 2363; x_wconf 87' lang='lat' dir='ltr'>materia,</span> <span class='ocrx_word' id='word_1_308' title='bbox 1243 2327 1336 2353; x_wconf 90' lang='lat' dir='ltr'>tunc</span> <span class='ocrx_word' id='word_1_309' title='bbox 1370 2325 1469 2353; x_wconf 87' lang='lat' dir='ltr'>esset</span> <span class='ocrx_word' id='word_1_310' title='bbox 1502 2315 1686 2363; x_wconf 87' lang='lat' dir='ltr'>potencia</span> <span class='ocrx_word' id='word_1_311' title='bbox 1720 2327 1827 2351; x_wconf 88' lang='lat' dir='ltr'>mere</span> 
     </span>
     <span class='ocr_line' id='line_1_39' title="bbox 509 2374 1826 2424; baseline -0.005 -9"><span class='ocrx_word' id='word_1_312' title='bbox 509 2378 703 2415; x_wconf 89' lang='lat' dir='ltr'>naturalis</span> <span class='ocrx_word' id='word_1_313' title='bbox 737 2390 818 2414; x_wconf 90' lang='lat' dir='ltr'>non</span> <span class='ocrx_word' id='word_1_314' title='bbox 850 2377 988 2422; x_wconf 89' lang='lat' dir='ltr'>libera,</span> <span class='ocrx_word' id='word_1_315' title='bbox 1023 2385 1059 2412; x_wconf 92' lang='lat' dir='ltr'>et</span> <span class='ocrx_word' id='word_1_316' title='bbox 1092 2389 1163 2424; x_wconf 87' lang='lat' dir='ltr'>per</span> <span class='ocrx_word' id='word_1_317' title='bbox 1196 2387 1443 2423; x_wconf 89' lang='lat' dir='ltr'>consequens</span> <span class='ocrx_word' id='word_1_318' title='bbox 1477 2382 1654 2410; x_wconf 86' lang='lat' dir='ltr'>moveret</span> <span class='ocrx_word' id='word_1_319' title='bbox 1683 2374 1826 2419; x_wconf 89' lang='lat' dir='ltr'>celum,</span> 
     </span>
     <span class='ocr_line' id='line_1_40' title="bbox 511 2431 1827 2482; baseline -0.005 -10"><span class='ocrx_word' id='word_1_320' title='bbox 511 2437 732 2472; x_wconf 87' lang='lat' dir='ltr'>secundum</span> <span class='ocrx_word' id='word_1_321' title='bbox 767 2435 969 2481; x_wconf 89' lang='lat' dir='ltr'>ultimum,</span> <span class='ocrx_word' id='word_1_322' title='bbox 1004 2436 1113 2482; x_wconf 87' lang='lat' dir='ltr'>quod</span> <span class='ocrx_word' id='word_1_323' title='bbox 1147 2442 1299 2482; x_wconf 75' lang='lat' dir='ltr'>posset,</span> <span class='ocrx_word' id='word_1_324' title='bbox 1332 2433 1393 2469; x_wconf 86' lang='lat' dir='ltr'>vel</span> <span class='ocrx_word' id='word_1_325' title='bbox 1426 2432 1457 2468; x_wconf 88' lang='lat' dir='ltr'>si</span> <span class='ocrx_word' id='word_1_326' title='bbox 1496 2440 1660 2468; x_wconf 89' lang='lat' dir='ltr'>vocetur</span> <span class='ocrx_word' id='word_1_327' title='bbox 1693 2431 1827 2468; x_wconf 90' lang='lat' dir='ltr'>anima</span> 
     </span>
     <span class='ocr_line' id='line_1_41' title="bbox 512 2489 1828 2539; baseline -0.005 -9"><span class='ocrx_word' id='word_1_328' title='bbox 512 2494 584 2530; x_wconf 93' lang='lat' dir='ltr'>celi</span> <span class='ocrx_word' id='word_1_329' title='bbox 630 2493 754 2530; x_wconf 87' lang='lat' dir='ltr'>virtus</span> <span class='ocrx_word' id='word_1_330' title='bbox 799 2493 839 2528; x_wconf 91' lang='lat' dir='ltr'>in</span> <span class='ocrx_word' id='word_1_331' title='bbox 884 2492 1067 2539; x_wconf 86' lang='lat' dir='ltr'>materia,</span> <span class='ocrx_word' id='word_1_332' title='bbox 1114 2500 1266 2528; x_wconf 83' lang='lat' dir='ltr'>certum</span> <span class='ocrx_word' id='word_1_333' title='bbox 1313 2500 1370 2527; x_wconf 90' lang='lat' dir='ltr'>est</span> <span class='ocrx_word' id='word_1_334' title='bbox 1413 2491 1520 2538; x_wconf 87' lang='lat' dir='ltr'>quod</span> <span class='ocrx_word' id='word_1_335' title='bbox 1566 2489 1746 2537; x_wconf 88' lang='lat' dir='ltr'>arguitur</span> <span class='ocrx_word' id='word_1_336' title='bbox 1785 2501 1828 2525; x_wconf 85' lang='lat' dir='ltr'>ex</span> 
     </span>
     <span class='ocr_line' id='line_1_42' title="bbox 512 2546 1885 2600; baseline -0.004 -13"><span class='ocrx_word' id='word_1_337' title='bbox 512 2551 766 2600; x_wconf 86' lang='lat' dir='ltr'>impossibili,</span> <span class='ocrx_word' id='word_1_338' title='bbox 801 2550 902 2587; x_wconf 90' lang='lat' dir='ltr'>sicut</span> <span class='ocrx_word' id='word_1_339' title='bbox 937 2559 1046 2598; x_wconf 89' lang='lat' dir='ltr'>patet</span> <span class='ocrx_word' id='word_1_340' title='bbox 1080 2562 1122 2585; x_wconf 87' lang='lat' dir='ltr'>ex</span> <span class='ocrx_word' id='word_1_341' title='bbox 1157 2548 1414 2585; x_wconf 89' lang='lat' dir='ltr'>conclusione</span> <span class='ocrx_word' id='word_1_342' title='bbox 1438 2548 1622 2584; x_wconf 81' lang='lat' dir='ltr'>deducta.</span> <span class='ocrx_word' id='word_1_343' title='bbox 1658 2547 1697 2583; x_wconf 88' lang='lat' dir='ltr'>Si</span> <span class='ocrx_word' id='word_1_344' title='bbox 1722 2546 1826 2583; x_wconf 90' lang='lat' dir='ltr'>enim</span> <span class='ocrx_word' id='word_1_345' title='bbox 1841 2557 1885 2588; x_wconf 89' lang='lat'>40</span> 
     </span>
    </p>
   </div>
   <div class='ocr_carea' id='block_1_5' title="bbox 583 2698 999 2744">
    <p class='ocr_par' dir='ltr' id='par_1_8' title="bbox 583 2698 999 2744">
     <span class='ocr_line' id='line_1_43' title="bbox 583 2698 999 2744; baseline -0.005 -9"><span class='ocrx_word' id='word_1_346' title='bbox 583 2716 624 2735; x_wconf 89' lang='lat'>10.</span> <span class='ocrx_word' id='word_1_347' title='bbox 648 2706 742 2735; x_wconf 82' lang='lat' dir='ltr'>Cod..·</span> <span class='ocrx_word' id='word_1_348' title='bbox 765 2699 908 2744; x_wconf 64' lang='lat' dir='ltr'>datffQ</span> <span class='ocrx_word' id='word_1_349' title='bbox 930 2698 999 2734; x_wconf 38' lang='lat' dir='ltr'>fineffl.</span> 
     </span>
    </p>
   </div>
   <div class='ocr_carea' id='block_1_6' title="bbox 590 2803 845 2842">
    <p class='ocr_par' dir='ltr' id='par_1_9' title="bbox 590 2803 845 2842">
     <span class='ocr_line' id='line_1_44' title="bbox 590 2803 845 2842; baseline -0.008 -8"><span class='ocrx_word' id='word_1_350' title='bbox 590 2813 615 2834; x_wconf 94' lang='lat'>1.</span> <span class='ocrx_word' id='word_1_351' title='bbox 642 2803 721 2835; x_wconf 83' lang='lat' dir='ltr'>Jac.</span> <span class='ocrx_word' id='word_1_352' title='bbox 749 2805 784 2842; x_wconf 86' lang='lat'>4,</span> <span class='ocrx_word' id='word_1_353' title='bbox 815 2804 845 2833; x_wconf 87' lang='lat'>6.</span> 
     </span>
    </p>
   </div>
  </div>
 </body>
</html>
