2056 3234
244 217 288 240 10
966 211 1190 243 JOHANNIS
1216 211 1383 242 WICLIF
1714 209 1804 237 CAP.
1826 212 1848 238 I.

287 327 458 356 Therefore
527 326 564 355 et
598 319 646 355 de
678 318 854 366 quando,
901 317 1109 366 preterito,
1156 326 1193 354 et
1236 317 1371 354 futuro
1412 317 1579 365 dicetur,
1619 320 1728 367 quod
1766 333 1848 357 non

270 363 481 432 fiffilsseg'tbssiffi‘}
528 375 835 424 distingwuntur
880 388 922 412 ex
970 375 1174 424 opposito,
1238 388 1329 412 cum
1391 388 1511 412 omne
1573 378 1736 425 quando
1798 378 1849 414 sit

243 431 507 495 {ffiegffi‘ggltltaffef
527 446 703 482 presens,
751 433 989 482 preteritum
1037 442 1073 469 et
1118 434 1312 479 futurum,
1367 433 1529 470 racione
1574 443 1711 471 tamen
1755 444 1848 472 sunt

321 475 425 530 notlin
529 491 696 537 diverse,
731 500 774 528 ut
807 500 898 540 post
932 491 1099 528 dicetur.
1135 493 1183 527 Et
1217 503 1261 528 ex
1293 491 1369 527 isto
1401 500 1524 539 patet,
1565 494 1674 541 quod
1708 505 1847 530 omnes

280 537 465 599 tgicegidseefflgs
526 549 815 598 pretericiones
849 558 887 585 et
918 549 1195 596 futuriciones,
1242 561 1333 585 cum
1372 549 1450 585 sint
1484 559 1618 587 eterne
1656 550 1880 599 indepen-5

251 605 494 668 Mliicehziteisvsesare
527 609 664 645 dentes
698 609 747 644 ab
782 606 997 644 existencia
1031 606 1273 653 substancie,
1319 619 1401 643 non
1445 616 1614 656 possunt
1659 608 1738 645 dici
1783 622 1847 645 ac-

286 649 453 704 accgidents.
526 665 709 702 cidencia
732 665 961 702 substancie
985 674 1130 711 create,
1166 674 1202 702 et
1226 665 1266 701 in
1290 665 1417 701 multo
1441 666 1568 714 magis
1592 667 1846 714 negaciones,

525 732 568 760 ut
600 732 711 772 patet
743 731 918 760 tractatu
957 725 1004 760 de
1036 723 1215 760 Veritate
1256 723 1433 771 capitulo
1466 728 1528 770 40.
1583 724 1701 761 Nulla
1741 724 1846 761 enim

525 781 693 829 negacio
747 790 805 818 est
856 781 1081 818 formaliter
1134 781 1366 830 positivum,
1420 790 1462 818 ut
1515 795 1577 819 me
1629 795 1710 818 non
1762 795 1847 819 esse

525 838 681 876 asinum
729 848 923 885 maneret,
978 839 1010 876 si
1063 852 1133 887 per
1185 839 1434 888 impossibile
1480 842 1586 877 Deus
1631 848 1669 876 et
1715 840 1846 877 omnis
1867 851 1906 872 10

525 897 691 934 affeccio
731 897 931 934 desineret
970 910 1067 934 esse.
1132 899 1225 935 ideo
1273 898 1374 934 solet
1415 897 1493 934 dici
1539 907 1845 947 consequenter,

526 957 634 1004 quod
667 956 766 992 tales
799 955 962 991 termini
996 955 1169 1004 negativi
1203 964 1372 1004 possunt
1404 955 1573 1005 intelligi
1606 955 1847 1004 simpliciter

526 1013 641 1062 quasi
674 1013 915 1051 affirmative
948 1026 1022 1061 pro
1054 1013 1223 1051 veritate
1255 1012 1502 1062 negacionis,
1556 1027 1678 1063 quam
1712 1013 1845 1063 primo

525 1071 766 1119 significant,
815 1080 852 1107 et
890 1072 1000 1108 nulla
1039 1071 1130 1108 talis
1169 1081 1226 1109 est
1259 1084 1351 1120 pars
1391 1071 1663 1110 universitatis
1695 1081 1844 1118 create,

528 1142 619 1166 cum
665 1129 766 1178 ipsa,
820 1129 923 1166 sicut
975 1142 1096 1166 omne
1142 1143 1212 1178 per
1256 1142 1297 1166 se
1342 1142 1465 1177 genus
1508 1130 1560 1167 sit
1613 1129 1902 1179 positivum.15

525 1189 710 1224 Secundo
744 1196 876 1236 potest
908 1187 1078 1236 intelligi
1110 1188 1305 1236 negative,
1339 1188 1454 1236 quasi
1488 1188 1529 1224 in
1561 1187 1845 1237 predicacione

525 1247 744 1282 secundum
782 1245 1017 1292 essenciam,
1052 1255 1090 1283 et
1121 1246 1179 1283 sic
1212 1258 1331 1282 omne
1365 1258 1433 1282 ens
1467 1255 1526 1283 est
1559 1259 1622 1283 me
1654 1259 1737 1283 non
1761 1258 1846 1283 esse

525 1303 696 1350 asinum,
731 1312 769 1340 et
790 1303 992 1352 quotlibet
1016 1303 1127 1350 talia,
1163 1317 1254 1340 cum
1279 1313 1568 1341 convertuntur
1602 1317 1693 1341 cum
1717 1313 1846 1341 trans-

524 1363 734 1408 cendente,
770 1370 806 1398 et
839 1362 960 1398 refert
994 1362 1166 1398 multum
1202 1361 1257 1398 sic
1291 1361 1488 1410 accipere,
1529 1362 1623 1410 quia
1661 1362 1846 1410 negative

524 1419 762 1468 accipiendo
796 1421 1099 1456 concedendum
1134 1429 1249 1463 esset,
1282 1421 1391 1468 quod
1424 1420 1621 1469 quidlibet
1653 1419 1763 1457 aliud
1796 1422 1845 1457 ab
1861 1429 1903 1451 20

524 1477 688 1514 homine
741 1484 811 1514 est'
842 1478 997 1514 nullum
1054 1477 1259 1515 hominem
1314 1490 1417 1523 esse;
1481 1479 1550 1514 sed
1604 1477 1845 1515 affirmative

525 1535 764 1584 accipiendo
825 1535 950 1572 nichil
1003 1545 1061 1572 est
1113 1536 1267 1572 nullum
1327 1535 1535 1572 hominem
1590 1548 1686 1582 esse,
1752 1536 1845 1584 quia

524 1594 622 1630 illud
655 1607 737 1630 non
769 1602 839 1630 est.

233 1657 405 1694 Negations
426 1660 504 1699 exist
584 1654 675 1688 Non
720 1664 814 1700 ergo
859 1660 950 1688 Sunt
994 1651 1236 1700 negaciones
1281 1664 1352 1700 per
1391 1663 1431 1687 se
1470 1651 1509 1687 in
1542 1663 1699 1699 genere,
1755 1664 1846 1688 curn

234 1694 315 1756 ⁰⁸¹3}
330 1699 508 1757 ῗξῖᾗῗζέῗεὸ
527 1709 605 1746 sint
639 1709 752 1747 encia
786 1709 974 1755 racionis,
1008 1710 1164 1746 nullum
1197 1722 1321 1758 genus
1354 1709 1572 1757 ponencia;
1606 1718 1717 1757 patet
1750 1721 1844 1757 ergo
1861 1709 1900 1741 25

233 1763 331 1797 <encia
352 1764 509 1799 racionis).
526 1780 569 1804 ex
611 1767 741 1814 dictis,
782 1769 891 1816 quod
930 1768 1106 1816 primurn
1149 1776 1187 1804 et
1231 1767 1583 1816 perfectissimum,
1623 1769 1844 1804 secundum

524 1838 661 1874 genus,
708 1827 817 1875 quod
858 1828 964 1862 Deus
1004 1834 1137 1874 potest
1178 1827 1343 1862 adextra
1380 1826 1618 1874 producere,
1664 1834 1722 1861 est
1754 1826 1846 1861 sub-

524 1883 691 1930 stancia,
738 1893 775 1921 et
820 1896 891 1932 per
935 1896 1184 1932 consequens
1229 1896 1373 1931 genus3
1425 1884 1486 1920 vel
1519 1883 1752 1920 substancia
1785 1891 1843 1919 est

526 1941 703 1990 primum
738 1941 919 1978 omnium
956 1954 1147 1990 generum
1187 1942 1249 1978 vel
1281 1941 1677 1989 predicamentorum
1719 1940 1845 1989 possi-

524 1999 680 2046 bilium,
698 2009 735 2036 et
758 2012 829 2048 per
853 2011 1105 2048 consequens
1129 2008 1187 2036 est
1209 1999 1397 2036 omnibus
1421 1999 1508 2035 aliis
1531 1998 1845 2048 predicamentis
1860 2001 1902 2033 30

525 2066 712 2094 metrum.
750 2059 865 2095 Unde
899 2059 950 2094 ad
983 2057 1324 2094 considerandum
1358 2069 1482 2105 genus
1516 2065 1677 2105 oportet
1710 2057 1843 2105 primo

523 2124 561 2152 et
594 2115 873 2164 principaliter
906 2115 1164 2152 considerare
1196 2124 1384 2152 naturam
1421 2114 1637 2163 positivam
1662 2116 1840 2160 adextra,

523 2173 556 2210 si
588 2173 772 2221 univoce,
826 2172 1064 2223 quiditative
1099 2182 1136 2210 et
1168 2186 1240 2222 per
1272 2185 1312 2210 se
1346 2173 1673 2210 communicatur
1707 2172 1844 2209 multis

524 2231 749 2280 speciebus,
789 2240 826 2268 et
859 2240 954 2268 tunc
988 2240 1047 2268 est
1079 2243 1224 2279 genus3
1277 2239 1320 2267 ut
1352 2231 1384 2267 si
1418 2230 1637 2280 requiritur
1670 2233 1720 2268 ad
1753 2232 1842 2277 hoc,

524 2291 634 2338 quod
666 2298 708 2326 tu
740 2302 823 2326 non
854 2289 906 2326 sis
946 2290 1008 2326 vel
1048 2290 1098 2326 ad
1137 2289 1257 2326 aliam
1293 2288 1525 2326 huiusmodi
1563 2288 1898 2337 negacionem,35

524 2349 633 2396 quod
665 2348 715 2384 sit
747 2356 893 2384 natura
925 2347 1167 2394 substancie,
1201 2360 1277 2396 que
1311 2359 1382 2396 per
1414 2359 1454 2383 se
1487 2347 1537 2383 sit
1560 2355 1598 2383 te
1630 2360 1712 2383 non
1745 2359 1841 2393 esse,

524 2414 619 2442 tunc
652 2414 690 2442 te
722 2419 805 2442 non
843 2418 928 2442 esse
971 2414 1029 2442 est
1068 2404 1308 2453 simpliciter
1352 2404 1392 2440 in
1425 2417 1570 2453 genere
1610 2404 1842 2441 substancie

524 2476 594 2511 per
626 2476 679 2510 se,
715 2472 752 2500 et
781 2463 813 2500 si
846 2463 1033 2500 accidens
1058 2464 1186 2509 detur,
1222 2464 1331 2512 quod
1360 2462 1530 2511 requirit
1552 2462 1841 2509 substanciam,

524 2521 587 2558 cui
619 2521 713 2558 insit
745 2521 970 2559 formaliter
1001 2521 1185 2570 positive,
1239 2529 1334 2557 tunc
1367 2520 1499 2569 ipsum
1540 2529 1597 2557 est
1630 2520 1670 2557 in
1703 2520 1840 2569 aliquo

592 2655 637 2683 28.
662 2655 756 2684 Cod..·
776 2656 822 2683 vel
844 2661 879 2683 η’
899 2655 1073 2683 substantia
1092 2654 1192 2682 delevi
1209 2654 1301 2682 nulla.

593 2738 625 2772 8.
655 2740 726 2779 „De
751 2740 894 2771 veritate
921 2749 1038 2770 sacrae
1064 2738 1286 2780 scripturae”‚
1323 2739 1382 2780 qui
1407 2741 1587 2770 tractatus
1614 2737 1708 2770 inter
1733 2737 1842 2769 libros

525 2786 697 2818 Summae
727 2786 942 2829 Theologiae
975 2785 1198 2827 Wiclifianae
1230 2789 1337 2817 sexto
1371 2785 1446 2817 Ioco
1466 2783 1620 2827 ponitur
1644 2793 1666 2814 a
1694 2783 1842 2827 Slzirlqy·

520 2833 543 2869 l.
572 2841 601 2869 c.
622 2842 660 2880 p.
685 2832 715 2866 ’7,
