2056 3234
213 174 421 210 Quaesth.
495 176 724 215 Quaestiones
751 176 884 217 logicae
911 181 942 207 et
968 174 1241 217 philosophicae.
1725 170 1803 216 267

212 281 468 319 contrariam.
503 284 556 318 Ex
580 281 722 329 quibus
746 289 867 329 patet,
893 282 1001 328 quod
1024 281 1146 317 homo
1171 281 1345 327 moralis,
1369 283 1516 318 nedum

210 349 267 376 est
304 339 345 376 in
383 348 489 376 statu
527 339 669 387 fragili,
715 338 899 375 insecuro
939 346 975 375 et
1014 338 1251 386 periculoso,
1292 340 1424 387 quoad
1461 339 1519 375 in-

210 396 361 434 firmari
400 405 437 433 et
475 395 694 445 periclitari
734 396 773 432 in
816 395 929 432 bonis
968 395 1043 433 vite
1088 396 1379 444 corporalibus,
1425 410 1517 445 ymo

210 456 297 503 plus
320 455 411 501 late,
445 467 525 502 quo
549 456 598 491 ad
622 453 771 490 destrui
806 462 843 490 et
869 453 1104 490 mortificari
1133 467 1204 502 per
1225 453 1340 501 vicia,
1374 454 1518 503 quibus

177 512 332 549 §nichil
364 521 421 548 est
454 524 552 560 eque
586 511 871 559 perniciosum.

266 572 388 606 Noto:
412 569 492 606 vita
515 569 690 606 virtuosa
713 568 918 605 moraliter
939 576 1009 615 est,
1031 580 1109 617 qua
1131 569 1276 605 vivitur
1298 571 1518 606 secundum
1543 574 1595 613 Vl³
1617 576 1645 602 A
1667 577 1797 615 morally

209 627 389 663 habitum
413 628 582 664 electum
607 626 839 663 immediate
862 639 942 675 quo
966 627 1014 662 ad
1038 638 1110 662 nos
1143 627 1386 673 existentem,
1418 611 1807 673 sicutisvgffssffisssssfissh

208 685 365 733 sapiens
384 684 679 729 determinabit,
695 685 755 721 vel
771 697 849 732 qua
864 683 1006 721 vivitur
1026 686 1246 720 secundum
1267 685 1517 732 memoriam,
1551 679 1792 741 Wssuii‘glffffisse

208 742 410 779 racionem
433 752 469 779 et
491 743 736 779 voluntatem
757 741 797 777 in
819 743 935 778 rebus
953 742 1198 788 voluntariis,
1221 751 1339 790 prout
1360 742 1519 791 sapiens
1621 748 1724 787 wispst

155 815 192 836 10
207 800 441 848 simpliciter
473 799 770 845 determinabit,
812 808 848 836 et
887 799 943 836 sic
979 799 1059 835 vita
1096 799 1272 837 virtuosa
1312 801 1519 837 moraliter
1594 783 1749 818 lawgnver.

206 867 263 894 est
297 858 435 895 habitu
467 859 528 895 vel
561 866 652 894 actu
685 857 913 903 memorari,
948 869 1127 903 noscere,
1162 858 1276 904 velle,
1310 871 1425 906 agere
1458 859 1518 895 vel

205 915 288 963 pati
326 915 366 952 in
399 915 635 952 voluntariis
673 917 790 952 rebus
828 915 1047 952 secundum
1081 915 1369 952 diffinicionem
1403 916 1518 964 legis-

206 973 344 1010 latoris
378 973 693 1021 prudentissimi.

263 1033 385 1068 Noto:
433 1031 616 1068 carencia
653 1031 889 1068 diviciarum
928 1039 985 1067 est
1023 1039 1228 1079 potentem
1268 1032 1414 1068 habere
1459 1031 1516 1068 di-
1549 1034 1614 1082 ΥΠ.
1637 1035 1788 1083 Wantof

153 1091 189 1124 15
204 1088 326 1125 vicias
365 1101 449 1125 esse
488 1089 573 1126 sine
606 1088 816 1126 habicione
847 1088 1022 1134 illarum,
1064 1097 1101 1125 et
1140 1088 1216 1135 hie,
1258 1089 1440 1137 superius
1478 1098 1516 1126 et
1542 1070 1801 1143 Ᾱῐζὲὴὲἒρξῡῖἒῗς

205 1146 369 1183 inferius
407 1159 565 1195 semper
603 1146 781 1194 intelligo
821 1148 868 1183 de
907 1148 1053 1183 habere
1092 1146 1256 1183 divicias
1294 1148 1514 1184 secundum
1530 1139 1805 1208 Ροξζῖὃῗὲἒὸθῖζεὸ

207 1204 431 1241 dominium
465 1204 774 1253 proprietarium
797 1205 858 1240 vel
881 1204 1202 1252 appropriatum,
1227 1217 1306 1253 quo
1332 1204 1423 1241 licet
1446 1205 1514 1241 uni
1623 1208 1717 1236 them.

205 1274 373 1310 persone
409 1263 470 1299 vel
508 1262 626 1299 alicui
666 1261 911 1298 multitudini
944 1270 981 1298 et
1015 1274 1096 1298 non
1128 1262 1401 1299 indifferenter
1433 1262 1515 1299 cui-

206 1332 375 1368 cumque
415 1319 576 1357 divicias
616 1321 729 1357 datas
768 1321 817 1356 ad
856 1332 973 1356 usum
1012 1319 1218 1368 proprium
1264 1321 1513 1368 corporalem

148 1390 190 1412 20
206 1386 435 1414 convertere
469 1378 529 1414 vel
568 1379 619 1414 ad
655 1390 770 1414 usum
811 1377 1061 1425 corporalem
1102 1377 1310 1426 proprium
1350 1377 1513 1415 alterius

204 1436 418 1472 transferre
467 1444 633 1484 propter
683 1435 993 1472 innumerabilia
1045 1436 1151 1472 mala
1202 1448 1223 1472 a
1274 1435 1512 1473 mortalibus

204 1493 394 1530 tollenda.

262 1552 505 1587 CONCLUSIO
526 1556 664 1585 PRIMA:
687 1550 889 1587 Possessio
911 1550 1145 1587 diviciarum
1170 1552 1334 1598 prodest
1356 1550 1512 1587 homini
1543 1553 1565 1581 I·
1587 1553 1789 1592 Conci-usion.

205 1608 347 1644 morali
391 1609 441 1645 ad
478 1608 599 1645 vitam
638 1608 856 1645 virtuosam
902 1607 1120 1646 moraliter.
1166 1610 1376 1654 Probatur,
1417 1608 1511 1657 quia
1550 1588 1789 1656 liiisiiseesssiiiigfiiisf

149 1669 188 1701 25
204 1665 400 1713 possessio
433 1665 667 1702 diviciarum
701 1667 863 1714 prodest
896 1666 1051 1702 homini
1084 1665 1227 1702 morali
1259 1667 1309 1702 ad
1332 1666 1512 1715 indigen·
1535 1657 1803 1720 {¹2¹}r{1¹}0¹ueg¹‘³l{¹f¹g{

205 1724 307 1760 ciam
342 1724 591 1771 corporalem
624 1723 683 1760 sui
715 1724 775 1760 vel
807 1723 978 1760 aliorum
1011 1725 1229 1772 prudenter
1256 1724 1512 1761 relevandam

205 1794 275 1829 per
310 1781 442 1818 licitos
486 1781 672 1829 proprios
710 1782 770 1818 vel
813 1781 1101 1830 proprietarios
1144 1794 1238 1818 usus
1282 1783 1513 1830 corporales

205 1839 460 1885 diviciarum;
483 1838 605 1887 igitur
628 1839 831 1876 conclusio
854 1852 958 1876 vera.
993 1839 1295 1888 Consequencia
1325 1849 1381 1876 est
1403 1849 1512 1886 nota,

205 1909 294 1933 cum
344 1899 562 1945 prudenter
611 1897 661 1934 sit
708 1898 881 1934 relevare
929 1896 1196 1945 indigenciam
1246 1899 1512 1946 corporalem,

148 1958 190 1990 30
204 1954 332 2005 vivere
366 1955 572 1992 moraliter
602 1954 789 2001 virtuose,
829 1964 867 1991 et
899 1957 1137 1992 antecedens
1171 1963 1240 1999 est,
1281 1955 1374 2004 quia
1414 1955 1512 1992 alias

204 2013 302 2048 nulli
337 2013 550 2049 moralium
582 2012 719 2049 liceret
740 2013 914 2050 virtuose
941 2013 1144 2061 possidere
1168 2012 1343 2058 divicias,
1378 2013 1409 2049 si
1432 2026 1513 2050 non

204 2070 320 2106 sciret
352 2072 569 2118 prudenter
602 2083 666 2107 eas
699 2072 749 2108 ad
781 2084 872 2107 suas
904 2072 965 2107 vel
997 2071 1167 2107 aliorum
1201 2070 1386 2119 proprios
1418 2084 1512 2107 usus

205 2129 432 2176 corporales
472 2137 700 2165 convertere
737 2129 797 2165 vel
835 2129 1067 2175 transferre;
1112 2141 1233 2177 quam
1274 2137 1408 2165 autem
1445 2141 1512 2165 ne-

205 2186 421 2222 cessarium
459 2186 508 2222 sit
547 2185 665 2223 licere
705 2186 940 2223 mortalibus
978 2186 1181 2235 possidere
1220 2186 1384 2223 divicias
1416 2186 1512 2222 satis

71 2245 186 2288 F.192
204 2252 325 2291 patet,
358 2244 452 2292 quia
495 2244 593 2281 alias
637 2244 955 2281 communicacio
1000 2244 1208 2281 hominum
1238 2240 1242 2296 Ι
1270 2244 1374 2289 rixis,
1420 2257 1511 2281 con-

178 2301 467 2348 ,tencionibus,
507 2302 735 2338 homicidiis
774 2311 810 2338 et
845 2302 955 2338 omni
991 2314 1134 2350 genere
1164 2302 1372 2348 viciorum,
1405 2302 1511 2339 velut

203 2359 287 2395 sine
319 2360 396 2396 fine
428 2360 514 2408 plus
548 2373 667 2408 quarn
702 2361 822 2396 modo
855 2361 1168 2408 perturbaretur.
1202 2359 1326 2408 Igitur
1349 2389 1356 2396 .
1381 2387 1390 2394 .
1415 2389 1422 2396 .

261 2418 577 2453 CORROLARIUM:
606 2417 806 2454 Possessio
839 2417 1074 2455 diviciarum
1107 2426 1270 2466 propter
1304 2417 1509 2454 miserabi-
1566 2418 1747 2480 [JCorollary.
1789 2454 1803 2480 f

202 2475 280 2510 lem
303 2475 553 2522 corporalem
576 2475 842 2523 indigenciam
865 2475 1085 2512 moralibus
1109 2488 1131 2512 a
1154 2475 1318 2511 domino
1351 2487 1509 2511 summo
1525 2461 1545 2480 ι’
1588 2461 1749 2515 Ξῖῗῑεέἒιξεῃ
1769 2461 1786 2480 ⁰

144 2543 188 2574 40
204 2541 260 2568 est
292 2545 498 2578 concessa3
531 2541 641 2581 patet
675 2545 718 2569 ex
750 2533 995 2581 probacione
1025 2532 1307 2578 conclusionis,
1342 2541 1378 2568 et
1402 2541 1511 2580 patet
1525 2522 1800 2583 allowgpglepause

204 2601 247 2625 ex
280 2590 368 2636 hoc,
403 2591 512 2638 quod
534 2591 689 2627 sublata
712 2590 869 2638 penitus
891 2590 1117 2639 indigencia
1140 2590 1340 2638 corporali
1364 2590 1508 2627 misera
1583 2590 1747 2618 miserable

385 2647 391 2653 .
429 2647 436 2653 .
784 2648 791 2654 .
906 2648 914 2654 .
935 2648 943 2655 .
1549 2625 1654 2661 bodily
1674 2624 1777 2653 needs.

203 2648 252 2683 ab
284 2648 529 2694 hommibus,
561 2660 680 2684 nemo
712 2649 1008 2685 raclonablllter
1039 2648 1154 2686 vellet
1187 2649 1333 2684 habere
1354 2660 1508 2697 posses—

272 2800 312 2820 10.
335 2797 362 2820 et
382 2792 426 2820 sic
446 2793 506 2821 vita
526 2793 663 2821 virtuosa
685 2794 841 2822 moraliter
861 2794 905 2822 bis
924 2794 955 2822 in
975 2794 1042 2822 cod.
