2056 3234
269 926 335 954 The
358 927 478 962 highest

255 962 363 997 degree
384 963 418 990 of
436 963 492 989 evil

245 997 319 1024 does
341 1002 393 1024 not
413 997 501 1024 dwell

245 1032 273 1059 in
296 1040 378 1066 man,
400 1032 452 1059 but
472 1032 501 1059 in

297 1067 346 1093 the
367 1067 458 1094 devii.

261 1101 325 1128 Evil
348 1102 373 1128 is
395 1101 425 1129 in
447 1102 485 1128 its

270 1141 376 1163 nature
397 1145 412 1163 a
433 1136 480 1163 lie.

964 176 1188 208 „IOHANNIS
1215 176 1382 208 WICLIF
1619 173 1708 201 CAP.
1728 172 1838 201 XVIII.

524 293 561 320 et
594 282 831 320 ordinancia
865 284 913 319 de
945 281 1133 331 potencia
1166 291 1302 318 eterna
1334 281 1491 318 videtur
1525 282 1691 330 exigere,
1732 285 1839 331 quod

523 354 603 378 non
649 341 781 389 primo
828 340 1008 388 peccavit
1053 341 1195 386 homo3
1240 349 1339 385 tum,
1386 339 1480 388 quia
1525 349 1629 388 post,
1675 341 1838 378 homine

523 407 729 448 peccante,
754 397 834 434 sive
858 398 1030 446 dyabolo
1053 397 1282 445 instigante,
1307 397 1464 434 videtur
1487 407 1696 446 peccatum
1722 411 1838 435 suum

523 457 643 493 fuisse
688 455 975 502 ir'remedibile,
1023 464 1066 491 ut
1104 464 1314 503 peccatum
1356 455 1476 503 primi
1517 456 1660 503 angeli,
1706 465 1743 493 et
1783 457 1839 493 sic

523 524 607 551 tota
647 515 824 550 humana
863 513 1017 562 species
1063 513 1245 561 periisset
1291 513 1526 559 absolutive,
1572 523 1657 550 tum
1696 514 1837 560 eciam,

523 572 617 621 quia
668 580 812 608 natura
864 571 1055 607 immunis
1100 584 1120 607 a
1168 579 1336 619 peccato
1388 584 1469 607 non
1522 581 1656 619 posset
1708 572 1839 620 primo

525 642 684 666 movere
737 628 943 666 hominem
989 631 1040 666 ad
1085 630 1350 677 peccandum,
1400 638 1443 665 ut
1490 630 1622 666 multis
1669 630 1839 675 videtur,

523 688 617 736 quia
651 700 763 724 error
795 686 1037 723 invincibilis
1071 700 1152 724 non
1184 696 1318 735 posset
1351 689 1567 735 precedere
1606 696 1839 736 peccatum3

522 758 616 794 ergo
640 754 800 793 oportet
822 744 997 793 primum
1024 754 1233 793 peccatum
1259 757 1343 781 esse
1366 745 1537 793 plurime
1561 745 1731 782 liberum
1756 745 1840 782 sine

525 815 645 840 causa
678 802 812 851 previe
845 802 1095 851 impellente:
1130 803 1228 839 illud
1259 803 1360 839 inest
1384 804 1527 850 angelo
1550 804 1733 851 peccanti
1756 803 1841 840 sine

525 861 762 910 ignorancia
795 870 1022 897 excusante.

585 921 685 956 Cum
710 931 804 967 ergo
828 931 1030 955 summum
1056 931 1180 966 genus
1215 918 1373 955 malicie
1406 931 1488 955 non
1520 928 1652 967 potest
1686 918 1840 956 homini

527 986 770 1025 competere,
817 976 1069 1025 relinquitur,
1119 978 1226 1025 quod
1272 977 1444 1024 dyabolo
1490 977 1603 1022 insit,
1655 985 1691 1013 et
1735 977 1841 1014 ultra

526 1035 720 1083 sequitur,
767 1048 856 1071 cum
898 1034 1073 1083 quelibet
1111 1047 1173 1071 res
1214 1034 1311 1071 dicit
1343 1047 1383 1071 se
1415 1035 1475 1071 vel
1515 1034 1743 1083 specialiter
1781 1035 1841 1071 vel

525 1093 809 1141 inspecialiter,
856 1094 964 1140 quod
1003 1092 1178 1141 quelibet
1216 1101 1361 1129 natura
1400 1092 1601 1140 peccatrix
1634 1092 1841 1139 mentitur,

527 1164 616 1188 curn
662 1152 883 1187 secundum
929 1150 1280 1199 ymaginacionem
1325 1151 1385 1187 vel
1429 1159 1616 1187 naturam
1662 1150 1758 1187 dicit
1802 1163 1842 1187 se

526 1221 610 1246 esse
634 1210 782 1245 bonam
807 1210 1004 1245 servando
1038 1208 1341 1254 rectitudinem3
1377 1217 1414 1245 et
1437 1220 1622 1256 perverse
1646 1208 1842 1245 veniendo

524 1268 623 1304 false
656 1266 752 1303 dicit
785 1266 1039 1315 oppositum3
1074 1267 1171 1302 illud
1205 1275 1339 1303 autem
1373 1266 1550 1314 primum
1586 1266 1718 1303 dicere
1752 1279 1842 1303 cum

525 1325 573 1361 sit
608 1337 706 1373 pure
737 1325 935 1370 naturale,
982 1337 1063 1361 non
1102 1324 1259 1361 tollitur
1297 1336 1367 1372 per
1406 1324 1699 1371 adventicium;
1746 1324 1843 1361 dicit

525 1395 619 1431 ergo
657 1395 698 1419 se
737 1383 883 1419 servire
923 1385 1007 1419 Deo
1047 1382 1249 1429 continue,
1297 1391 1334 1418 et
1373 1382 1596 1419 deficiendo
1637 1382 1842 1429 mentitur,

525 1450 567 1477 ut
606 1440 781 1477 ostendit
818 1440 1056 1477 venerabilis
1090 1441 1302 1477 Anselmus
1346 1439 1386 1476 in
1426 1442 1473 1476 de
1511 1440 1689 1477 Veritate
1735 1440 1841 1488 capi—

524 1499 608 1535 tulo
634 1502 679 1546 90
704 1507 741 1534 et
764 1498 804 1535 in
828 1501 884 1535 De
908 1498 1249 1535 Similitudinibus
1273 1499 1355 1545 160,
1391 1497 1538 1545 dicens,
1573 1499 1680 1546 quod
1712 1498 1842 1535 verius

525 1556 622 1593 dicit
667 1557 790 1593 horno
832 1557 938 1593 facto
976 1557 1035 1593 vel
1079 1556 1255 1593 naturali
1301 1555 1427 1604 signo,
1474 1568 1596 1604 quam
1641 1555 1842 1592 artificiali

524 1616 659 1661 verbo,
694 1616 802 1663 quod
835 1614 1010 1651 ostendit
1042 1613 1307 1650 similitudine
1330 1614 1419 1650 tali:
1453 1614 1494 1651 Si
1518 1613 1695 1651 medicus
1719 1627 1840 1651 unani

525 1674 690 1709 herbam
744 1672 991 1709 salutiferam
1046 1681 1185 1720 egroto
1232 1671 1361 1708 verbis
1415 1672 1579 1719 diceret,
1634 1681 1671 1708 et
1718 1671 1839 1709 aliam

525 1730 774 1767 mortiferam
821 1730 982 1767 realiter
1025 1731 1239 1778 gustando,
1286 1731 1373 1778 plus
1418 1738 1509 1766 actu
1555 1743 1675 1778 quam
1722 1732 1841 1767 verbo

524 1789 633 1825 illam
676 1789 1042 1825 commendandam
1077 1790 1282 1833 suaderet,
1322 1787 1390 1833 sic,
1430 1797 1473 1824 ut
1514 1787 1622 1833 dicit,
1658 1787 1842 1836 quicum-

525 1859 602 1895 que
649 1846 799 1883 ordinis
842 1847 903 1883 vel
949 1845 1153 1894 religionis
1198 1846 1299 1894 gerit
1343 1845 1537 1892 officium,
1584 1845 1614 1882 si
1659 1858 1739 1882 non
1783 1858 1841 1882 se-

525 1906 700 1941 cundum
757 1904 1001 1952 exigenciam
1062 1904 1214 1941 ordinis
1274 1903 1410 1952 egerit,
1478 1903 1609 1940 omnis
1670 1903 1841 1940 exterior

525 1963 685 1999 habitus
719 1963 924 1999 mentitur.
973 1962 1159 2008 Quelibet
1193 1974 1286 2010 ergo
1320 1971 1505 1998 creatura
1539 1961 1769 2008 racionalis,
1805 1970 1841 1998 et

524 2020 751 2068 specialiter
784 2020 1050 2067 Christianus,
1096 2020 1196 2068 gerit
1236 2019 1413 2056 officium
1454 2019 1582 2056 fidelis
1620 2019 1721 2056 servi
1755 2019 1840 2065 Dei,

526 2078 638 2115 cuius
669 2078 782 2127 signa
814 2087 906 2115 sunt
937 2078 1136 2115 naturalia
1161 2080 1267 2114 dona
1292 2086 1329 2115 et
1352 2077 1579 2126 spiritualia
1604 2077 1840 2124 carismata3

595 2209 614 2228 1.
638 2200 729 2228 Cod.:
756 2200 797 2228 vi'*
816 2200 943 2227 exiscer'
964 2200 1086 2235 cxiger'.

596 2295 648 2316 21.
678 2285 731 2327 Cf.
750 2284 906 2316 Anselm.
927 2284 1061 2326 Dialog.
1081 2285 1123 2316 de
1139 2285 1301 2323 Veritate‚
1321 2294 1349 2315 c.
1368 2294 1388 2326 9
1407 2283 1547 2324 (Migne
1569 2283 1718 2315 CLVIII
1734 2284 1842 2319 4783:

526 2331 566 2363 Si
599 2340 688 2363 esses
721 2332 755 2362 in
788 2332 874 2370 Ioco,
907 2331 965 2362 ubi
990 2331 1098 2362 scires
1124 2340 1198 2363 esse
1223 2331 1385 2362 salubres
1410 2330 1537 2362 herbas
1563 2334 1595 2362 et
1622 2330 1841 2372 mortiferas,

524 2377 585 2409 sed
618 2376 770 2410 nescires
802 2386 862 2408 eas
894 2376 1106 2416 discernere,
1139 2381 1172 2409 et
1204 2381 1293 2409 esset
1326 2377 1373 2408 ibi
1411 2376 1551 2418 aliquis,
1590 2376 1634 2408 de
1672 2386 1738 2419 quo
1771 2386 1839 2408 non

524 2423 721 2465 dubitares,
741 2423 821 2465 quin
850 2423 928 2455 illas
955 2422 1158 2455 discernere
1182 2422 1299 2461 sciret,
1328 2422 1456 2465 tibique
1483 2422 1733 2465 interroganti,
1752 2432 1841 2464 quae

524 2471 686 2502 salubres
719 2469 853 2502 diceret
886 2478 969 2507 esse,
1002 2474 1036 2501 et
1068 2469 1159 2501 alias
1191 2468 1412 2508 comederet;
1443 2470 1499 2500 cui
1527 2469 1641 2511 magis
1666 2469 1840 2506 crederes,

525 2516 629 2548 verbo
656 2526 702 2548 an
730 2516 864 2548 actioni
890 2515 989 2547 eius?
1007 2539 1014 2547 .
1035 2540 1043 2547 .
1063 2541 1070 2549 .
1088 2516 1170 2547 Plus
1195 2524 1281 2557 ergo
1306 2515 1370 2547 tibi
1394 2515 1537 2553 diceret,
1564 2525 1654 2557 quae
1678 2515 1840 2547 salubres

524 2566 638 2594 essent
664 2571 780 2604 opere,
807 2571 912 2604 quam
939 2563 1055 2594 verbO.
1154 2571 1207 2592 22.
1236 2561 1291 2604 Cf.
1317 2561 1473 2592 Anselmi
1490 2560 1532 2601 (ir)
1558 2562 1609 2593 De
1636 2560 1839 2593 Similitudi-

525 2608 626 2639 nibus
659 2608 698 2639 L.
731 2608 783 2647 Ill,
825 2618 852 2639 c.
886 2618 928 2649 77
963 2608 1043 2649 [uon
1076 2608 1131 2649 16]
1173 2607 1221 2647 (in
1261 2607 1434 2640 editione:
1466 2608 1622 2640 Anselmi
1653 2607 1759 2639 Liber
1797 2606 1840 2639 de

526 2654 734 2687 excellentia
761 2654 986 2686 beatissimae
1017 2653 1110 2695 Virg.
1137 2653 1295 2692 Mariae,
1321 2653 1404 2686 item
1423 2653 1529 2685 Liber
1548 2653 1838 2691 Similitudinum,

527 2701 644 2732 Duaci
670 2701 775 2739 1605,
796 2711 832 2742 p:
860 2700 964 2740 176).·
998 2701 1084 2732 Cum
1118 2699 1209 2731 enim
1245 2700 1397 2732 medicus
1423 2700 1454 2731 ei
1478 2700 1572 2738 dicit,
1600 2704 1637 2731 ut
1663 2700 1760 2732 illam
1788 2700 1840 2730 vel

525 2747 621 2778 illam
642 2747 826 2788 potionem
854 2746 1009 2787 accipiat
1034 2750 1067 2778 et
1094 2746 1144 2777 sic
1169 2746 1296 2778 sanari
1320 2746 1470 2787 poterit,
1503 2751 1537 2778 et
1569 2746 1653 2779 emit
1679 2755 1839 2778 eam...

525 2793 585 2825 sed
611 2802 688 2824 cum
711 2793 810 2834 potio
828 2793 942 2834 fortis
968 2792 1040 2824 eius
1067 2793 1200 2824 viscera
1229 2793 1384 2823 rimatur
1411 2796 1515 2834 etqsq.

1861 815 1899 836 10

1862 1095 1898 1127 15
