2056 3234
245 182 252 205 ¹
270 171 317 207 38
965 177 1189 209 JOHANNIS
1215 177 1383 208 WICLIF
1660 172 1751 200 CAP.
1772 171 1841 200 xv.

527 286 640 322 Unde
672 283 830 320 videtur
863 283 997 330 michi,
1044 284 1153 331 quod
1185 282 1278 319 talia
1325 282 1590 318 extenduntur
1621 282 1841 318 secundum

526 351 659 391 partes
691 350 940 390 aggregatas,
983 350 1027 378 ut
1061 352 1199 377 cursus
1246 341 1365 376 habet
1410 348 1564 376 motum
1597 339 1715 375 unius
1747 338 1843 376 tibie

526 402 576 437 ad
609 399 797 439 anterius,
834 408 870 435 et
904 408 1057 436 motum
1103 398 1264 434 alterius
1310 399 1360 434 ad
1393 397 1603 445 posterius,
1638 406 1675 433 et
1707 397 1762 433 sic
1795 398 1843 433 de

526 457 745 503 bracchiis3
792 456 890 493 alias
935 465 1070 493 autem
1115 465 1248 504 partes
1289 456 1408 492 habet
1454 455 1702 503 quiescentes
1752 468 1842 491 cum

526 524 685 564 oportet
708 527 869 551 omnem
894 524 1048 551 motum
1072 513 1188 550 inniti
1212 514 1287 550 fixo
1317 514 1377 550 vel
1407 512 1616 556 immobili,
1649 522 1691 549 ut
1723 514 1877 549 homo5

525 573 711 610 innititur
755 581 860 609 terre
905 573 1115 621 pausando
1162 584 1251 608 cum
1298 583 1378 608 uno
1422 572 1537 619 pede,
1583 572 1678 607 dum
1713 579 1845 606 movet

527 632 671 677 alium3
705 630 746 667 in
770 639 927 667 tantum
952 631 1061 679 quod
1098 631 1269 666 mundus
1303 642 1384 665 non
1407 637 1541 677 posset
1564 627 1844 665 circumrotari

527 689 605 726 nisi
639 701 759 736 super
792 700 904 725 axem
939 688 1201 725 terminatum
1235 689 1286 724 ad
1310 688 1409 723 duos
1432 687 1548 735 polos
1582 686 1843 735 quiescentes,

529 756 565 784 et
597 759 716 783 omne
761 755 917 782 motum
962 746 1148 782 innititur
1180 747 1264 782 Deo
1297 744 1509 781 immobili.
1555 746 1604 780 Et
1637 743 1729 781 hinc
1762 756 1848 780 mo-

528 814 671 842 ventur
703 803 935 852 philosophi
967 816 1117 852 ponere
1149 805 1278 839 Deum
1312 802 1577 847 immobilem,
1613 801 1676 838 cui
1709 801 1904 838 omniaxo

532 862 696 899 mobilia
728 871 887 910 oportet
919 861 1035 898 inniti
1067 862 1147 898 sive
1181 870 1300 909 agant
1333 860 1413 897 sive
1445 860 1669 909 paciantur.
1700 856 1704 912 Ι
1863 862 1900 893 F.
1918 862 1996 893 222⁴

252 928 341 956 Thus
360 928 453 962 going
472 927 498 954 is
590 919 820 968 Progressio
841 932 934 968 ergo
953 921 1124 956 habetur
1147 932 1221 967 pro
1245 928 1336 955 actu
1360 918 1527 967 parciali
1550 926 1779 966 aggregato,
1803 925 1847 953 ut

263 967 492 1032 ἶὲῃῗὲξὲξῇἃξς
531 988 621 1027 post
655 978 821 1015 dicetur.
861 980 942 1014 Nec
975 986 1067 1014 sunt
1107 977 1148 1013 in
1182 977 1359 1022 instanti,
1395 978 1464 1013 sed
1495 975 1681 1012 intercise
1713 984 1847 1023 partes

267 1031 487 1094 nmggioffssssfial
531 1035 764 1073 huiusmodi
788 1044 1119 1084 aggregatorum;
1152 1034 1243 1071 ideo
1266 1048 1346 1071 non
1369 1043 1460 1070 sunt
1493 1045 1732 1081 omogenee3
1756 1032 1847 1069 ideo

530 1096 650 1131 habet
682 1106 756 1142 pro
789 1093 970 1142 partibus
1004 1093 1302 1142 quantumlibet
1347 1091 1527 1140 dispares
1561 1101 1708 1128 motus.
1754 1092 1847 1127 Ideo
1868 1092 1904 1125 15

530 1165 670 1189 cursus
702 1160 869 1188 vocatur
901 1164 1006 1188 nunc
1040 1160 1172 1187 motus
1219 1163 1326 1187 nunc
1359 1149 1470 1187 accio
1504 1159 1541 1186 et
1574 1162 1680 1186 nunc
1713 1161 1850 1197 aggre-

529 1220 684 1259 gatum,
719 1218 756 1246 et
780 1209 873 1246 hinc
896 1209 1136 1257 equivocam
1159 1207 1413 1256 grammatici
1438 1209 1715 1253 concedentes,
1740 1207 1850 1255 quod

530 1270 654 1305 homo
688 1267 813 1305 currit
845 1267 1071 1304 formaliter
1117 1279 1235 1303 cursu
1268 1275 1304 1303 et
1338 1265 1461 1303 currit
1494 1278 1669 1312 cursum,
1703 1264 1743 1301 id
1776 1273 1848 1309 est,

530 1327 729 1364 currendo
763 1334 901 1362 causat
925 1338 1106 1370 cursum,
1140 1333 1177 1361 et
1200 1324 1256 1361 sic
1279 1323 1457 1373 loquitur
1482 1324 1653 1372 loquela,
1680 1331 1717 1359 et
1739 1321 1849 1371 equi-

528 1397 627 1422 voce
648 1383 828 1433 loquitur
849 1384 1051 1432 loquelam
1077 1392 1113 1419 et
1136 1383 1192 1419 sic
1215 1384 1262 1418 de
1286 1382 1425 1419 ceteris
1449 1381 1603 1418 actibus
1635 1382 1848 1418 verborum
1865 1392 1907 1414 20

530 1443 822 1480 absolutorum.
853 1443 966 1478 Patet
990 1453 1096 1489 ergo,
1121 1442 1229 1489 quod
1253 1453 1334 1476 non
1357 1439 1536 1488 sequitur
1558 1452 1650 1487 pars
1674 1438 1849 1475 hominis

530 1502 651 1538 habet
683 1508 839 1549 partem
875 1512 1026 1546 cursus,
1061 1511 1156 1546 ergo
1179 1498 1264 1547 ipsa
1290 1497 1426 1543 currit,
1451 1497 1546 1545 quia
1569 1505 1701 1533 motus
1725 1495 1849 1545 partis

529 1572 611 1595 non
635 1567 692 1595 est
716 1570 867 1594 cursus.
903 1556 1016 1593 Risus
1040 1566 1173 1593 autern
1198 1569 1280 1592 non
1303 1565 1359 1592 est
1381 1568 1451 1604 per
1473 1564 1600 1592 totum
1626 1554 1846 1599 hominem,

530 1617 631 1654 sicut
664 1628 738 1652 nec
769 1614 927 1652 locucio
952 1623 1040 1662 etc,
1075 1627 1151 1663 que
1185 1614 1285 1650 fiunt
1316 1612 1499 1650 limitatis
1532 1612 1727 1661 partibus,
1762 1611 1849 1649 aliis

531 1674 714 1723 partibus
759 1673 986 1710 ociantibus
1032 1685 1112 1721 quo
1161 1673 1210 1709 ad
1254 1672 1366 1708 illud.
1412 1673 1494 1707 Nec
1539 1679 1673 1719 partes
1717 1670 1849 1718 primo
1868 1672 1907 1705 25

530 1732 708 1770 subiecte
739 1731 887 1769 talibus
920 1730 1145 1779 aggregatis
1179 1729 1506 1766 denominantur.

294 1796 375 1825 Such
398 1801 461 1823 acts
588 1789 675 1827 Istis
713 1789 864 1826 notatis
902 1797 1013 1837 patet
1051 1787 1188 1833 tercio,
1229 1789 1337 1836 quod
1371 1787 1401 1823 si
1434 1789 1541 1823 Deus
1581 1785 1717 1832 currit,
1756 1794 1851 1822 tunc

265 1831 497 1900 prceadniggttegeof
532 1857 663 1885 movet
698 1848 879 1884 membra
911 1859 982 1883 sua
1015 1845 1235 1894 gradiendo
1267 1845 1477 1892 velociter3
1511 1846 1619 1893 quod
1652 1844 1746 1892 quia
1770 1856 1853 1880 non

244 1900 517 1963 Οὲἒυξξξῗξξωῌθ
532 1906 641 1952 facit,
693 1905 784 1942 ideo
834 1918 916 1941 non
965 1904 1145 1952 sequitur
1196 1903 1291 1940 facit
1343 1914 1518 1949 cursum,
1570 1914 1663 1950 ergo
1715 1901 1851 1938 currit.

534 1963 726 2010 Quamvis
760 1963 863 1999 enim
898 1962 1035 1999 omnia
1068 1963 1249 1998 membra
1282 1960 1519 1998 animalium
1554 1960 1631 1996 sint
1654 1972 1738 2005 sua,
1772 1972 1853 1996 non
1869 1963 1911 1995 30

532 2031 668 2059 tamen
712 2030 804 2057 sunt
850 2021 1033 2057 membra
1077 2032 1161 2065 sua,
1213 2028 1250 2056 et
1296 2019 1351 2055 ita
1394 2031 1476 2055 non
1520 2018 1703 2067 sequitur
1747 2019 1853 2053 Deus

533 2079 839 2125 comestionem,
873 2079 1151 2115 concurrendo
1185 2090 1275 2114 cum
1308 2076 1421 2114 omni
1448 2075 1710 2122 comediente,
1744 2076 1853 2123 quod

533 2138 672 2175 exinde
706 2138 905 2182 comedat,
940 2136 1033 2184 quia
1068 2137 1280 2172 comedere
1315 2144 1371 2171 est
1393 2143 1653 2183 aggregatum
1676 2132 1852 2181 parciale

533 2195 793 2244 suppositale,
827 2194 1035 2243 requirens
1068 2206 1185 2230 suum
1225 2193 1449 2230 subiectum
1483 2204 1640 2229 sumere
1678 2191 1781 2227 infra
1813 2203 1854 2227 se

533 2254 768 2291 alimentum
792 2265 874 2299 ore,
908 2252 1159 2289 masticando
1189 2260 1347 2300 gutture
1369 2263 1456 2298 suo,
1485 2249 1741 2298 ingluciendo
1765 2257 1853 2295 etc„
1872 2251 1911 2285 35

534 2324 624 2360 que,
665 2311 768 2348 sicut
800 2319 892 2347 sunt
925 2309 1173 2347 diversarum
1207 2309 1430 2354 racionum,
1470 2307 1526 2345 sic
1559 2308 1659 2344 fiunt
1691 2306 1855 2344 diversis

535 2368 800 2418 temporibus.
855 2371 962 2405 Deus
1001 2377 1137 2404 tamen
1175 2376 1340 2415 generat
1382 2378 1502 2403 omne
1546 2365 1709 2412 animal,
1754 2364 1856 2401 sicut

534 2427 628 2464 facit
661 2439 823 2464 omnem
857 2435 1096 2471 creaturam,
1136 2426 1203 2462 sed
1236 2438 1317 2461 non
1348 2424 1497 2473 patitur
1534 2436 1624 2460 cum
1657 2422 1854 2471 paciente,

537 2485 609 2523 etsi
648 2484 730 2533 agit
769 2497 859 2521 cum
904 2493 1058 2532 agente,
1105 2484 1173 2519 sed
1212 2482 1417 2519 concurrit
1458 2494 1546 2519 cum
1582 2493 1716 2529 passo,
1761 2492 1855 2517 con-

537 2544 733 2580 servando
766 2542 898 2590 ipsum
934 2550 971 2578 et
1004 2541 1179 2578 iuvando
1213 2540 1408 2577 resistere.
1869 2550 1914 2581 40

255 2609 357 2637 Three
377 2607 467 2634 kinds
487 2606 522 2634 of
597 2603 665 2637 Est
716 2609 851 2636 autem
904 2599 1046 2647 triplex
1096 2598 1340 2635 resistencia.
1395 2597 1529 2634 Prima
1579 2605 1637 2633 est
1686 2594 1855 2644 passive,

255 2678 278 2705 1.
294 2647 515 2705 ἣῗίιῑῗῇῐᾷζῖξοῃ
539 2658 756 2695 terminare
789 2657 997 2706 agenciam
1032 2656 1212 2702 motoris,
1247 2665 1285 2692 et
1307 2655 1362 2692 sic
1385 2656 1604 2704 loquuntur
1625 2652 1856 2702 philosophi

260 2712 295 2740 of
311 2713 361 2739 the
382 2711 507 2746 activity

270 2747 305 2774 of
322 2748 373 2774 the
394 2750 506 2774 motor.

607 2803 636 2831 8.
659 2803 717 2831 nisi
738 2811 822 2831 corr.
843 2811 881 2830 ex
900 2803 930 2830 in
951 2811 983 2830 se
1003 2803 1033 2830 in
1057 2801 1125 2830 cod.
1188 2809 1223 2830 11.
1240 2801 1325 2829 Cod:
1344 2801 1445 2828 habet.
1509 2807 1551 2835 19.
1574 2799 1669 2828 Cod..·
1690 2799 1856 2835 loquelam.
