2056 3234
242 175 319 221 178

966 176 1191 209 JOHANNIS
1216 175 1386 208 W'iCLlF
1619 172 1709 201 CAP.
1730 173 1840 201 XVIII.

526 284 701 321 tenciam
733 282 922 332 intelligit
955 284 1096 321 beatus
1128 284 1301 320 Jacobus
1335 295 1393 320 ca.
1421 283 1465 319 30
1490 295 1561 333 per
1593 282 1841 331 sapienciam

526 351 742 393 terrenam,
786 341 1018 388 animalem,
1059 350 1096 378 et
1134 341 1408 389 dyabolicam;
1453 349 1627 387 terrena,
1660 353 1740 389 qua
1772 341 1842 377 ho-

528 400 654 437 mines
687 399 817 437 sciunt
850 399 994 437 callide
1026 399 1252 447 negociare,
1286 398 1525 447 decipiendo
1549 398 1767 447 proximos,
1800 407 1844 436 ut

526 458 625 496 fiant
668 457 809 495 divites
854 470 933 506 quo
978 458 1028 494 ad
1074 458 1290 502 mundum;
1343 456 1540 502 animalis,
1588 469 1667 505 qua
1711 456 1843 493 sciunt

524 514 997 565 improporcionabiliter
1030 516 1080 552 ad
1113 514 1403 552 beatitudinem
1437 514 1662 552 machinari
1696 514 1875 562 media,5

525 583 568 611 ut
599 575 838 623 voluptuose
871 573 1007 611 vivant
1040 586 1120 622 quo
1143 574 1194 610 ad
1217 585 1400 619 carnem3
1435 582 1472 610 et
1504 572 1730 622 dyabolica,
1763 585 1843 622 qua

523 632 655 669 sciunt
687 632 987 681 supplantando
1018 631 1224 680 proximos
1246 631 1644 680 improporcionatos
1669 631 1842 667 honores

524 698 728 739 appetere.
763 691 897 727 Homo
930 689 1036 726 enim
1069 699 1238 738 propter
1270 689 1474 738 duplicem
1508 697 1696 726 naturam
1722 689 1842 726 habet

523 757 604 785 tres
637 748 836 785 maneries
868 747 1059 794 hostium,
1094 748 1267 796 dyabolo
1300 756 1494 796 peccante
1516 747 1605 784 solo
1627 748 1748 784 modo
1771 759 1843 796 per

524 818 564 843 se
608 805 755 855 ipsum.
800 807 834 842 A
874 817 1046 854 corpore
1093 805 1200 843 enim
1248 807 1369 843 habet
1414 804 1902 854 improporcionaliter1o

524 873 714 913 appetere
737 863 904 901 divicias
936 872 974 901 et
1005 864 1244 912 voluptates,
1278 865 1346 901 sed
1380 864 1457 900 hoc
1490 872 1548 901 est
1580 862 1843 912 impertinens

524 923 698 971 dyabolo
742 921 906 959 racione
950 921 1298 970 incorporeitatis;
1345 921 1436 958 ideo
1481 921 1735 959 inordinacio
1774 933 1843 970 ap-

522 980 671 1029 petitus
707 981 908 1017 honorum
941 979 1108 1029 gignens
1140 980 1388 1029 superbiam,
1427 979 1621 1017 invidiam
1656 988 1694 1016 et
1725 979 1841 1027 iram,

520 1048 688 1076 vocatur
720 1047 932 1087 peccatum
967 1038 1239 1086 dyabolicum,
1286 1047 1323 1076 et
1355 1038 1513 1076 videtur
1552 1037 1689 1085 michi,
1734 1039 1842 1087 quod

522 1096 642 1134 hodie
681 1106 773 1133 sunt
811 1097 884 1134 iste
917 1095 1069 1133 astucie
1101 1105 1245 1134 vocate
1283 1095 1487 1145 sapiencie
1532 1096 1899 1142 authonomice315

521 1154 616 1203 quia
640 1167 730 1192 cum
756 1154 951 1192 iudicium
981 1151 987 1208 Ι
1016 1154 1276 1204 consequitur
1300 1153 1577 1200 affeccionem,
1611 1167 1703 1191 cum
1728 1167 1842 1190 mun·
1859 1160 1896 1192 F.
1914 1162 1998 1194 232¹

521 1215 595 1249 dus
627 1213 678 1250 sit
711 1213 971 1250 discrasiatus
1004 1214 1231 1250 affectando
1265 1212 1442 1249 indebite
1474 1212 1572 1249 istos
1605 1212 1715 1259 fines,
1761 1225 1842 1249 non

522 1271 683 1317 mirum,
735 1271 767 1307 si
813 1272 1073 1309 commendet
1118 1271 1326 1317 sciencias,
1381 1270 1651 1308 mediantibus
1696 1270 1841 1319 quibus

521 1328 619 1366 fines
660 1329 892 1366 huiusmodi
937 1329 1240 1378 perquiruntur.
1285 1331 1387 1366 Nam
1427 1328 1517 1366 talis
1557 1329 1706 1366 dicitur
1740 1330 1840 1365 bene

521 1387 722 1424 litteratus
768 1388 890 1425 homo
934 1388 996 1425 vel
1043 1401 1211 1436 magnus
1255 1388 1426 1424 clericus
1466 1396 1503 1424 et
1540 1386 1706 1424 indubie
1749 1386 1839 1424 talis
1856 1402 1898 1423 20

520 1445 749 1482 litteratura
773 1447 834 1483 vel
867 1446 1071 1495 sapiencia
1103 1445 1278 1483 reddidit
1311 1445 1615 1483 continuantem
1651 1445 1840 1482 continue

522 1503 653 1540 minus
706 1512 913 1552 potentem
968 1507 1019 1541 ad
1071 1505 1312 1541 servandum
1368 1503 1668 1549 rectitudinem,
1729 1505 1838 1552 quod

520 1562 731 1610 psalmista
771 1563 983 1599 attendens
1021 1563 1179 1612 psalmo
1215 1563 1290 1610 780
1324 1562 1439 1599 dicit:
1489 1561 1719 1608 “Quoniam
1759 1574 1840 1598 non

521 1620 690 1669 cognovi
712 1620 996 1669 litteraturam,
1030 1621 1205 1658 introibo
1229 1621 1270 1657 in
1293 1620 1500 1669 potencias
1531 1619 1726 1657 domini'’.
1762 1619 1839 1657 Ubi

520 1679 622 1715 alius
646 1687 775 1715 textus
808 1691 879 1727 per
911 1678 1182 1717 litteraturam
1219 1680 1339 1716 habet
1371 1678 1715 1727 negociacionem.
1749 1680 1839 1715 Non
1856 1683 1895 1716 25

521 1737 626 1773 enim
672 1737 845 1773 intendit
889 1737 1113 1785 psalmista,
1162 1738 1271 1786 quod
1314 1736 1528 1774 illiteratus
1573 1736 1633 1773 vel
1676 1736 1839 1785 ignarus

520 1794 653 1832 divine
687 1795 873 1843 potencie
897 1795 946 1832 sit
970 1809 1017 1833 eo
1041 1795 1296 1844 disposicior,
1330 1804 1373 1832 ut
1397 1794 1584 1843 adquirat
1607 1793 1837 1842 potenciam

520 1865 542 1889 a
565 1855 649 1889 Deo
672 1853 734 1890 vel
757 1852 931 1901 accipiat
961 1853 1195 1902 dignitatem
1221 1853 1260 1889 in
1284 1853 1473 1899 ecclesia;
1497 1854 1566 1889 sed
1590 1852 1836 1901 sapienciam

521 1910 674 1957 mundi,
715 1924 792 1960 que
838 1920 896 1948 est
940 1912 1169 1949 litteratura
1214 1924 1305 1948 cum
1349 1911 1613 1948 simulacione
1657 1910 1839 1948 iudicans

520 1971 762 2015 detestatur3
809 1969 899 2007 ideo
944 1983 1035 2008 vere
1080 1970 1239 2019 sapiens
1284 1978 1534 2007 memoratur
1577 1968 1734 2006 iusticie
1767 1969 1839 2006 Dei
1856 1976 1898 2008 30

519 2027 657 2064 solius.
690 2030 792 2064 Nam
826 2028 951 2065 nichil
984 2038 1042 2066 est
1075 2028 1223 2066 iustum
1258 2028 1510 2077 simpliciter,
1542 2026 1619 2063 nisi
1655 2036 1839 2076 respectu

519 2085 648 2134 prime
687 2087 838 2134 regule,
883 2099 960 2135 que
1000 2096 1058 2123 est
1091 2088 1217 2133 Deus;
1263 2088 1332 2123 sed
1370 2086 1529 2135 sapiens
1569 2085 1709 2123 mundi
1749 2086 1837 2134 plus

520 2153 769 2181 memoratur
787 2144 852 2180 'ius
876 2145 990 2182 civile
1012 2145 1074 2181 vel
1096 2145 1261 2193 aliquod
1294 2144 1527 2181 humanitus
1561 2143 1837 2190 adinventum,

519 2215 638 2250 quam
673 2203 800 2250 legem
834 2202 920 2240 Dei.
952 2203 1064 2239 Vade
1097 2204 1147 2239 ad
1178 2207 1257 2239 ΗΠ]
1283 2203 1504 2251 capitulum
1541 2197 1575 2237 2i
1610 2201 1701 2238 libri
1734 2210 1838 2238 trac-

519 2269 626 2296 tatus
663 2256 695 2296 3i
731 2262 779 2296 de
810 2260 1038 2298 volucione.
1854 2265 1893 2298 35

588 2401 612 2435 ²:
636 2393 732 2422 Cod.:
759 2384 834 2429 alib]
857 2396 898 2429 (=
924 2395 1134 2429 animalibus).
1190 2394 1231 2423 35.
1252 2395 1324 2423 Post
1344 2395 1506 2423 volucione
1527 2396 1679 2431 reliquum
1695 2395 1840 2431 paginae

517 2432 650 2465 spatmm
669 2433 772 2457 vacat.

594 2523 621 2545 1.
646 2514 717 2545 jae.
737 2514 767 2554 3,
792 2512 848 2546 15:
876 2513 955 2546 Non
983 2518 1033 2546 est
1060 2513 1151 2546 enim
1181 2514 1250 2546 ista
1278 2515 1452 2547 sententia
1480 2514 1666 2548 desursum
1694 2514 1836 2547 descen-

519 2559 626 2592 dens:
656 2560 720 2592 sed
753 2565 909 2599 terrena,
941 2561 1121 2599 animalis,
1153 2561 1343 2595 diabolica.
1370 2561 1474 2603 Vulg.
1611 2562 1664 2594 23.
1696 2562 1753 2593 Ps.
1791 2562 1838 2591 70

519 2610 603 2647 (non
636 2606 704 2647 78),
730 2609 784 2647 15,
811 2609 862 2639 16.
985 2606 1039 2640 35.
1066 2607 1108 2638 de
1134 2607 1332 2649 volucione]
1361 2607 1543 2639 Tractatus
1577 2608 1618 2639 de
1645 2608 1837 2639 Volucione

519 2653 638 2694 operis
676 2653 726 2684 De
766 2654 853 2685 Ente
891 2653 965 2684 sive
998 2654 1142 2685 Summa
1182 2653 1469 2685 Intellectualiurn
1510 2654 1585 2685 Lib.
1621 2664 1650 2694 2,
1689 2664 1767 2696 pars
1807 2654 1837 2686 3.

520 2699 589 2741 (Cf.
620 2699 774 2742 Slzirley,
794 2711 832 2742 p.
861 2700 911 2740 3.)
