2056 3234
272 1392 339 1420 The
360 1398 446 1420 exact

239 1427 373 1454 scicnccs
395 1429 478 1455 show

236 1463 286 1490 the
306 1462 485 1490 distinction

226 1498 261 1525 of
272 1497 426 1525 accidcnts
441 1505 499 1524 one

244 1533 323 1561 from
347 1533 486 1560 another.

955 180 1178 212 JOHANNIS
1204 180 1374 211 WlCLIF
1667 176 1755 204 CAP.
1775 176 1828 204 VI.

516 288 627 324 Unde
668 296 703 322 et
743 300 834 335 sepe
876 288 981 334 capit
1022 287 1245 323 sentencias
1279 300 1417 323 eorum
1461 300 1531 334 pro
1571 300 1643 323 suo
1677 287 1829 324 intento

512 346 735 392 probando,
770 353 811 381 ut
835 354 943 392 patet
970 345 1093 381 tercio
1117 345 1521 393 Meteorologicorum
1556 346 1604 381 de
1627 345 1748 392 yride.
1784 348 1830 381 Et

513 402 656 448 dicere,
699 404 807 451 quod
841 402 1043 438 sentencia
1083 404 1274 438 fundatur
1306 415 1426 451 super
1458 415 1537 438 uno
1578 402 1829 450 impossibili,

513 473 591 508 quo
622 462 715 497 dato
749 473 849 508 eque
882 469 1116 508 sequeretur
1156 460 1387 508 oppositum
1428 460 1529 496 sicut
1562 460 1829 508 propositum,

513 527 569 554 est
601 518 720 554 nimis
743 519 827 554 leve
850 519 1029 564 verbum,
1065 520 1172 566 quod
1196 518 1250 554 sic
1274 527 1407 566 posset
1440 518 1676 554 rudissimus
1700 518 1863 554 multi-5

513 575 661 623 plicare
714 575 991 612 conclusiones
1034 575 1229 621 infinita53
1285 585 1321 612 et
1365 589 1454 612 curn
1498 576 1628 612 omnis
1667 577 1831 612 demon-

512 633 659 670 stracio
684 633 917 670 doctrinalis
950 634 1051 669 foret
1076 635 1277 670 deducens
1301 635 1350 670 ad
1383 633 1629 681 impossibile
1654 642 1690 670 et
1722 634 1831 670 nulla

512 692 724 737 ostensiva,
757 693 864 739 quod
889 701 944 728 est
968 701 1107 728 contra
1122 691 1378 727 Aristotelem
1404 691 1535 739 primo
1560 691 1830 728 Posteriorum

513 751 559 785 de
598 748 858 786 distinccione
898 749 1224 795 denotacionum,
1270 751 1378 798 quod
1413 749 1613 786 ostensiva
1651 749 1832 797 procedit

513 819 555 843 ex
596 807 749 854 primis,
794 807 895 843 veris
941 816 977 843 et
1017 807 1274 852 immediatis,
1320 820 1413 855 ymo
1459 820 1503 843 ex
1547 807 1748 855 prioribus
1796 816 1833 843 et

512 874 655 901 nature
694 864 924 901 nocioribus
958 865 1204 911 veritatibus,
1246 865 1339 914 quia
1379 865 1508 901 causis
1549 865 1830 911 conclusionis,

513 932 549 959 et
573 932 730 959 constat
755 924 854 959 tales
874 923 1244 959 demonstraciones
1265 923 1470 971 potissime
1490 936 1573 959 esse
1596 923 1636 958 in
1658 923 1833 959 scientiis

513 980 817 1026 doctrinalibus,
856 990 894 1017 et
925 994 1007 1017 non
1040 980 1080 1016 in
1115 981 1281 1028 phisica,
1316 982 1356 1017 in
1381 994 1459 1029 qua
1483 981 1833 1017 demonstracione

513 1038 608 1087 quia
645 1038 870 1075 ostenditur
909 1052 930 1075 a
962 1038 1177 1087 posteriori
1210 1052 1280 1087 per
1315 1039 1500 1075 effectum
1540 1039 1624 1075 eius
1659 1039 1833 1084 causari3

514 1106 550 1133 et
573 1105 682 1144 patet
715 1105 968 1145 assumptum
1003 1109 1045 1132 ex
1077 1098 1164 1143 box,
1200 1098 1308 1144 quod
1331 1110 1469 1133 omnes
1494 1096 1664 1133 sciencie
1689 1097 1834 1133 doctri-

513 1155 622 1190 nales
652 1163 885 1203 supponunt
906 1154 1171 1191 diffiniciones
1196 1164 1233 1190 et
1257 1154 1334 1191 alia
1358 1154 1555 1203 principia
1578 1154 1835 1202 implicancia

513 1212 782 1260 quantitatem
808 1212 998 1260 distingui
1025 1225 1046 1249 a
1079 1213 1307 1249 substancia
1332 1222 1368 1249 et
1392 1213 1599 1261 qualitate,
1635 1222 1672 1249 et
1696 1225 1739 1249 ex
1761 1212 1835 1248 illis

513 1272 737 1318 procedunt
776 1271 1054 1307 concludendo
1088 1271 1296 1316 ostensive,
1337 1283 1409 1307 nec
1444 1270 1581 1307 dicunt
1612 1270 1836 1307 necessaria

515 1329 561 1364 de
594 1328 734 1365 inesse.

573 1388 689 1432 Quod
728 1395 861 1423 autem
895 1387 1157 1423 fundamenta
1196 1386 1333 1422 talium
1376 1385 1639 1423 scienciarum
1686 1386 1725 1422 in
1757 1386 1835 1422 suis

514 1444 827 1481 diffinicionibus
867 1453 1173 1493 presupponunt
1211 1444 1306 1481 talia
1344 1444 1533 1493 distingui
1577 1457 1619 1480 ex
1653 1444 1835 1481 doctrina

584 1622 619 1641 11.
638 1614 728 1642 Cod.:
748 1622 785 1650 qc
806 1623 823 1658 9
845 1613 936 1646 caus7.

608 1733 697 1775 ,Cf.
724 1734 826 1765 Alist.
845 1733 1072 1774 Meteorolog.
1098 1734 1138 1764 Ill
1168 1732 1197 1769 5,
1222 1744 1231 1764 Ι
1264 1733 1347 1772 (Ed.
1376 1735 1462 1765 Par.
1491 1733 1550 1764 III
1575 1735 1659 1771 0¹05,
1687 1735 1735 1765 10²
1752 1732 1833 1773 55)

513 1777 600 1811 ’Ότι
635 1778 666 1810 δ’
692 1778 775 1811 οὔτε
813 1778 942 1811 κύκ7ον
980 1775 1060 1811 οἷόν
1091 1790 1128 1811 τε
1159 1777 1326 1820 γίνεσθαι
1357 1782 1421 1820 τῆς
1453 1777 1580 1821 ἴριδος,
1607 1777 1690 1810 οὔτε
1715 1780 1836 1821 μεῖζον

516 1823 724 1867 ημικυκ7ιου
743 1829 864 1868 τμῆμα
882 1823 941 1856 καὶ
958 1823 1040 1868 περὶ,
1058 1827 1132 1856 τῶν
1157 1824 1273 1857 ἄλλων
1298 1824 1575 1868 συμβαινόντων
1599 1824 1682 1865 περὶ
1708 1823 1834 1867 αὐτὴν,

515 1868 553 1903 ἐκ
568 1874 632 1903 τοῦ
646 1871 917 1914 διαγράμματος
932 1870 1033 1903 ἔσται
1049 1872 1235 1913 θεωροῦσι
1253 1871 1376 1926 δῆλον·
1397 1869 1636 1914 ἡμισφαιροιυ
1650 1869 1715 1914 ῃαρ
1732 1870 1837 1908 ὄντος

516 1914 574 1949 ἐπὶ
607 1920 670 1950 τοῦ
703 1915 885 1960 ὁρίζοντος
916 1918 1047 1950 Av'Aon
1079 1921 1142 1950 τοῦ
1176 1914 1223 1959 ἐφ
1258 1914 1285 1961 ᾧ
1321 1915 1361 1950 τὸ
1395 1930 1429 1957 α,
1461 1916 1613 1971 κέντρου
1642 1916 1681 1949 ὸὲ·
1715 1929 1779 1949 του
1805 1929 1836 1957 A,

516 1963 624 1996 ἄλλον
657 1962 697 1996 δέ
730 1975 827 2002 τινος
858 1963 1114 2019 ἀνατέλλοντος
1147 1963 1296 2006 σημείου
1327 1961 1374 2005 ἐφ
1403 1961 1430 2007 ᾧ
1458 1960 1499 1995 τὸ
1534 1976 1567 2006 η,
1599 1961 1664 1996 ἐάν
1694 1962 1732 1995 αἱ
1762 1961 1834 2014 ἀπὸ

518 2022 580 2042 του
606 2022 626 2041 A
642 2009 802 2053 γραμμαὶ
819 2009 909 2042 κατὰ
928 2013 1048 2042 κῶνον
1064 2007 1304 2042 ἐκπίπτουσαι
1320 2012 1475 2042 ποιῶσιν
1494 2009 1611 2053 ὥςπερ
1630 2009 1745 2050 ἄξονα
1772 2007 1836 2051 τὴν

516 2054 563 2112 {cp
586 2053 611 2100 ἧ
636 2054 658 2098 ἡ
685 2068 739 2111 ηιξ,
765 2068 826 2089 και
850 2053 922 2089 ἀπὸ
948 2059 1013 2088 τοῦ
1038 2069 1058 2089 A
1083 2054 1141 2089 ἐπι
1168 2054 1207 2089 τὸ
1232 2068 1286 2099 μι
1275 2053 1539 2099 ἐπιζευχθεῖσαι
1556 2055 1836 2088 ἀνακλασθώσιν

518 2099 590 2134 ἀπὸ
617 2105 682 2134 τοῦ
708 2101 948 2145 ἡμισφαιρίου
974 2100 1031 2135 ἐπὶ
1057 2100 1097 2135 τὸ
1124 2115 1146 2144 η
1165 2100 1223 2135 ἐπὶ
1240 2101 1305 2144 τὴν
1322 2102 1428 2144 μείζω
1447 2102 1583 2144 γωνίαν
1599 2101 1690 2144 πρὸς
1707 2102 1836 2135 κύκλου

518 2148 763 2191 περιφέρειαν,
789 2152 1077 2192 προςπεσοῦνται
1103 2147 1140 2181 αἱ
1166 2146 1238 2181 ἀπὸ
1266 2151 1327 2181 τοῦ
1353 2161 1383 2181 A.
1428 2148 1489 2180 καὶ
1514 2146 1577 2181 ἐὰν
1602 2148 1667 2191 μὲν
1691 2146 1734 2181 ἑπ
1739 2147 1835 2180 ’ἀνα-

519 2196 635 2237 τολῆς,
660 2207 682 2237 η
701 2192 758 2227 ἐπι
777 2195 916 2233 δύσεως
941 2198 1006 2227 τοῦ
1032 2195 1167 2237 ἄστρου
1193 2194 1215 2238 ἡ
1241 2194 1434 2233 ανακλασις
1458 2207 1605 2237 γενηται
1629 2193 1836 2238 ἡμικύκλιον

519 2240 823 2296 αποληφᾷήσεται
848 2244 912 2274 τοῦ
938 2241 1068 2274 κύκλου
1093 2238 1165 2274 ὑπὸ
1191 2244 1255 2274 τοῦ
1281 2239 1463 2284 ὁρίζοντος
1486 2239 1525 2274 τὸ
1552 2240 1643 2284 ὑπὲρ
1659 2245 1725 2284 γῆν
1741 2240 1835 2283 γινό-

518 2298 643 2329 μενον·
669 2285 734 2319 ἐὰν
751 2287 783 2319 δ’
797 2285 932 2330 ἐπανω,
950 2286 1097 2320 ἐλαττον
1114 2286 1170 2320 ἀει
1188 2286 1411 2330 ἡμικυκλιου·
1438 2289 1508 2320 κτλ.
1604 2288 1636 2320 8.
1659 2289 1834 2331 Lf.A1ist.

520 2335 613 2365 Post.
632 2335 643 2365 Ι
665 2345 694 2374 2,
716 2334 731 2366 5
753 2335 834 2377 (Ed.
856 2335 939 2367 Ραι.
959 2335 1068 2373 1122,
1090 2337 1138 2366 20
1155 2340 1213 2370 ss)
1228 2332 1299 2365 -Εἰ
1316 2333 1467 2366 τοίνυνι
1458 2331 1529 2365 ἑστὶ
1547 2332 1587 2366 τὸ
1605 2331 1835 2375 επιστασθαι,

520 2375 599 2412 οἷον
623 2377 766 2423 ὲθεμεν,
792 2379 928 2422 ανάγκη
954 2392 1014 2412 και
1039 2378 1105 2422 τὴν
1128 2378 1382 2422 αποόεικτικὴν
1406 2377 1607 2422 ἐπιστήμην
1629 2377 1667 2420 εξ
1685 2379 1837 2422 αληθων

521 2425 550 2457 τ’
560 2424 663 2468 εἰναι,
682 2438 741 2458 και
758 2425 916 2469 πρώτων
934 2438 993 2458 και
1009 2437 1166 2469 αμεσων,
1191 2437 1251 2458 και
1268 2438 1475 2469 γνωριμωτι-
1470 2425 1555 2469 ’ρων
1572 2424 1631 2459 καὶ
1648 2425 1837 2480 προτέρων

522 2483 580 2504 και
605 2483 733 2504 αιτιων
758 2476 821 2505 τοῦ
849 2472 1164 2516 συμπεράσματος·
1201 2473 1297 2505 οὕτω
1322 2485 1389 2525 γαρ
1415 2471 1559 2504 ὲσονται
1584 2484 1644 2505 και
1669 2485 1706 2504 αι
1731 2469 1837 2527 ἀρχαι

521 2516 650 2550 οικεῖαι
681 2522 744 2551 τοῦ
777 2518 942 2561 ὃεικνυμέ
946 2530 1019 2551 νου.
1060 2516 1306 2561 Συλλογισμὸς
1337 2530 1379 2561 με
1386 2531 1403 2550 ν
1436 2531 1500 2562 γαρ
1532 2517 1631 2551 ἔσται
1664 2530 1724 2551 και
1749 2518 1835 2550 ἄνευ

522 2563 677 2596 τούτων·
721 2563 907 2604 απόδειξις
947 2564 978 2597 δ’
1004 2564 1069 2597 οὐκ
1106 2576 1221 2597 εσται·
1265 2563 1307 2596 οὗ
1345 2564 1411 2618 γὰρ
1448 2565 1591 2606 ποιήσει
1626 2562 1834 2607 ι-πιστήμην,

523 2611 649 2665 Αληθῆ
673 2609 738 2653 μὲν
763 2607 829 2643 οὖν
854 2610 910 2643 δεῖ
944 2605 1046 2650 εἶναι,
1080 2608 1135 2643 ὅτι
1169 2623 1233 2643 ουκ
1265 2609 1340 2643 ἔστι
1371 2610 1411 2644 τὸ
1443 2610 1491 2654 μὴ
1524 2609 1567 2644 ὂν
1597 2608 1834 2643 επιστασθαι·

523 2653 602 2688 οἷον
633 2654 688 2689 ὅτι
720 2656 741 2699 ἡ
775 2656 966 2700 διάμετρος
996 2668 1212 2713 ,oiiypffivoogx
1256 2658 1316 2689 'EA
1348 2657 1505 2700 πρώτων
1542 2656 1573 2689 δ’
1599 2656 1835 2699 ἀποὸείκτωυ,

524 2700 579 2734 ότι
596 2702 660 2735 οὐκ
679 2714 907 2746 επιστησεται
924 2702 972 2746 μὴ
991 2702 1082 2747 ἔχων
1099 2703 1212 2736 embol<
1201 2703 1286 2743 ιξιν
1303 2703 1442 2736 αὐτῶν·
1462 2702 1503 2737 τὸ
1520 2716 1586 2746 ςαρ
1605 2700 1834 2745 επίστασθαι,

524 2745 575 2781 ὧν
616 2748 729 2782 απόδι
719 2749 801 2789 ιξις
839 2747 912 2782 ἐστι
949 2748 997 2792 μὴ
1036 2749 1125 2782 κατὰ
1164 2748 1398 2794 συμβεβηκός,
1440 2748 1479 2782 τὸ
1519 2749 1610 2793 ἔχειν
1651 2748 1836 2789 απόὸειξίν

522 2793 642 2827 ἐστιν.
664 2822 670 2827 .
692 2822 697 2827 .
719 2822 724 2826 .
744 2797 812 2828 ArA.

1854 818 1891 839 10

1856 1098 1891 1129 15
