2056 3234
222 157 300 193 218

272 1089 318 1116 As
339 1092 370 1115 to
389 1088 440 1114 the

224 1123 338 1151 second
359 1123 499 1157 example

282 1158 439 1193 (Christus

264 1193 460 1232 pati-turithe

222 1232 375 1255 Varlatlon
396 1236 422 1254 1s
443 1231 495 1254 not

246 1263 277 1290 in
298 1263 348 1290 the
368 1261 474 1289 words

222 1298 419 1332 themselves,
441 1297 495 1324 but

309 1332 339 1359 in
360 1332 410 1359 the

241 1366 483 1394 circumstances

270 1402 398 1436 relating
417 1406 448 1428 to

318 1437 412 1464 them.

235 1897 484 1926 Bradwardine's

288 1934 438 1968 language

301 1967 425 2006 implies

286 2007 440 2030 existence

265 2037 387 2065 outside
407 2037 457 2064 the

226 2076 349 2107 present
367 2072 492 2099 instant.

954 164 1177 196 *IOHANNIS
1203 164 1372 195 WICLIF
1617 160 1704 188 CAP.
1728 160 1821 187 xxii.

509 271 671 308 aliunde
722 270 936 320 impedita;
986 282 1087 307 nove
1138 282 1231 318 ergo
1276 278 1410 318 partes
1464 269 1618 305 obiecte
1669 268 1826 305 noviter

509 329 783 375 immutarent,
817 337 860 365 ut
892 337 1002 377 patet
1025 328 1067 364 in
1100 327 1363 376 perspectiva.
1398 327 1473 363 Hic
1497 336 1632 363 autem
1656 326 1826 375 quiescit

510 388 650 424 eadem
683 386 912 435 proposicio
946 395 983 423 et
1010 385 1116 422 idem
1139 387 1306 422 verbum
1331 384 1372 421 in
1395 385 1550 430 anima;
1583 384 1673 421 ideo
1697 384 1824 432 appli-

510 447 640 482 cando
664 446 889 493 exemplum
913 446 963 481 ad
985 443 1253 492 propositum,
1273 443 1485 489 diceretur,
1502 443 1611 490 quod
1637 441 1826 480 continue

510 511 805 551 representaret
827 515 867 538 se
890 502 1027 539 virtuti
1052 501 1274 538 attendenti
1308 502 1531 537 secundum
1564 513 1690 536 unum
1723 499 1859 536 indi-5

510 561 663 597 visibile
695 561 791 606 eius,
826 569 863 596 et
895 559 1074 608 gigneret
1108 559 1298 596 continue
1331 571 1475 595 novam
1510 557 1684 606 speciem
1723 557 1826 593 sicut

511 628 548 655 et
581 627 737 664 actum3
787 619 855 654 sed
888 618 998 654 nulla
1030 617 1167 663 virtus,
1203 626 1240 653 et
1272 616 1499 665 specialiter
1531 615 1735 663 organica,
1769 623 1827 651 est

510 686 591 713 tam
625 685 757 721 acuta,
792 677 901 724 quod
934 675 1081 711 sufficit
1104 684 1187 711 tam
1220 674 1378 723 spissim
1410 675 1609 711 alternare
1632 673 1826 709 intuendo

510 747 609 782 pure
653 747 779 770 unum
824 733 1078 780 indivisibile,
1126 732 1221 781 quia
1264 741 1422 781 oportet
1468 732 1589 768 talem
1636 731 1825 768 virtutem

510 800 674 840 propter
718 792 800 829 eius
845 791 1102 828 obtusitatem
1149 790 1233 827 fieri
1277 790 1408 839 primo
1453 789 1662 835 divisibile,
1718 789 1827 837 quod
1848 802 1886 823 10

511 851 639 887 solum
674 858 732 886 est
764 849 950 886 sensibile
983 858 1136 886 servata
1169 848 1490 897 apprehensione
1523 846 1826 884 indivisibilium

511 907 862 954 intellectivorum,
879 916 922 944 ut
938 907 1033 944 dicit
1048 906 1293 955 Augustinus
1309 906 1349 943 in
1364 909 1421 943 De
1438 905 1672 952 Quantitate
1695 904 1827 941 anime

513 968 560 1002 de
593 965 913 1014 apprehensione
946 964 1104 1013 puncti3
1146 973 1182 1001 et
1216 973 1325 1013 patet
1358 963 1564 1000 sentencia
1597 965 1645 1000 de
1678 962 1827 1011 signifi-

514 1023 678 1060 cacione
710 1033 856 1060 motus.

572 1083 620 1117 Et
644 1095 723 1130 quo
756 1083 807 1118 ad
840 1082 1062 1118 secundum
1096 1080 1321 1128 exemplum
1354 1088 1464 1128 patet
1487 1092 1531 1116 ex
1554 1078 1684 1126 dictis,
1718 1079 1828 1127 quod
1849 1080 1885 1113 15

515 1139 890 1188 proporcionaliter‚
925 1147 968 1176 ut
1000 1138 1206 1176 variantur
1237 1147 1385 1186 partes,
1418 1137 1628 1175 variantur
1659 1149 1828 1185 propor-

517 1198 665 1244 ciones‚
699 1197 845 1246 quibus
879 1196 1136 1245 componitur
1158 1196 1276 1232 istam
1309 1205 1465 1244 partem
1487 1196 1549 1232 vel
1581 1195 1698 1231 istam
1722 1207 1828 1231 nunc

516 1265 585 1293 aut
617 1256 672 1292 sic
702 1268 786 1292 esse
814 1255 854 1291 in
884 1256 959 1292 hoc
981 1255 1057 1291 situ
1081 1254 1149 1301 sic,
1185 1255 1293 1302 quod
1326 1267 1408 1290 non
1441 1255 1581 1290 eadem
1613 1251 1828 1301 proporcio

516 1313 716 1362 significat
754 1327 861 1350 nunc
899 1312 1104 1361 primarie,
1145 1325 1253 1349 nunc
1291 1312 1379 1359 ista,
1419 1320 1456 1348 et
1493 1324 1601 1348 nunc
1639 1310 1713 1347 ista
1746 1322 1830 1346 esse

516 1371 556 1408 in
589 1371 657 1407 tali
685 1372 747 1408 vel
769 1371 837 1408 tali
870 1371 961 1418 situ,
995 1372 1065 1407 sed
1098 1371 1320 1406 secundum
1352 1369 1625 1406 variacionem
1659 1368 1830 1405 circum-
1846 1382 1888 1403 20

516 1429 762 1466 stanciarum
815 1429 1022 1466 variantur
1073 1428 1362 1477 proporciones
1407 1436 1444 1464 et
1491 1436 1618 1473 actus,
1671 1435 1708 1463 et
1760 1438 1831 1474 per

517 1500 767 1536 consequens
813 1486 1147 1535 significaciones.
1197 1488 1299 1522 Ymo
1343 1485 1487 1534 posito,
1537 1486 1646 1533 quod
1690 1485 1830 1521 eadem

516 1545 731 1594 proporcio
760 1545 815 1582 sic
838 1545 946 1582 varie
975 1541 981 1594 l
1008 1544 1264 1592 significaret,
1293 1552 1451 1592 oportet
1483 1543 1593 1579 illam
1628 1541 1756 1579 iuvari
1787 1554 1831 1578 ex
1847 1545 1885 1576 F.
1903 1547 1981 1586 242¹

515 1603 725 1652 presencia
749 1602 1058 1640 circumstancie
1081 1601 1293 1649 sensibilis,
1327 1614 1404 1650 que
1427 1601 1592 1650 propius
1616 1600 1828 1649 significat,

515 1661 610 1710 quia
643 1671 775 1698 movet
807 1663 858 1698 ad
880 1661 1013 1698 taliter
1045 1661 1433 1709 apprehendendum
1467 1672 1557 1696 cum
1583 1657 1829 1707 principium
1846 1661 1886 1694 25

515 1719 788 1768 propinquum
827 1732 899 1768 per
937 1731 977 1756 se
1015 1727 1156 1755 notum
1196 1717 1245 1754 sit
1277 1726 1373 1766 aput
1405 1717 1682 1766 philosophos,
1722 1716 1830 1765 quod

514 1778 624 1814 nulla
643 1786 826 1814 creatura
842 1786 973 1825 potest
993 1776 1149 1813 noviter
1164 1788 1336 1821 movere,
1361 1775 1437 1812 nisi
1460 1775 1570 1824 prius
1594 1774 1830 1812 naturaliter

518 1844 629 1872 mota
663 1844 700 1872 et
732 1835 906 1872 limitata
938 1836 988 1872 ad
1022 1834 1078 1871 sic
1112 1835 1370 1871 movendum.

576 1893 750 1930 Ulterius
795 1902 905 1941 patet
948 1892 1176 1941 respicienti
1227 1893 1278 1929 ad
1322 1891 1428 1928 dicta
1472 1890 1672 1938 Doctoris,
1723 1891 1831 1939 quod

517 1952 635 2000 plane
667 1951 848 2000 sequitur
881 1964 925 1988 ex
956 1950 1046 1997 illis,
1080 1951 1205 1987 multa
1239 1962 1322 1986 esse
1346 1958 1453 1986 extra
1475 1948 1628 1986 instans
1652 1960 1829 1997 presens.
1846 1952 1890 1984 30

516 2011 635 2056 Nam,
668 2018 711 2046 ut
744 2009 840 2045 dicit
872 2008 1107 2045 immediate
1141 2016 1447 2056 consequenter,
1481 2009 1588 2044 Deus
1622 2019 1666 2043 ex
1697 2006 1831 2042 infini-

516 2067 672 2104 tissima
696 2067 876 2104 claritate
899 2066 1205 2115 comprehendit
1227 2065 1363 2103 omnia
1386 2065 1519 2112 simul,
1554 2074 1591 2101 et
1613 2064 1669 2101 sic
1691 2077 1830 2101 omnes

516 2134 648 2173 partes
693 2125 900 2173 temporis,
946 2124 1063 2161 sicuti
1107 2133 1199 2161 sunt
1235 2123 1442 2162 verissime
1484 2135 1555 2171 per
1599 2135 1639 2159 se
1682 2122 1829 2171 ipsum,

583 2280 611 2305 4.
636 2270 710 2298 Cod.
721 2280 731 2297 :
753 2270 866 2298 dicere.

588 2376 638 2399 12.
668 2367 721 2409 Cf.
740 2367 830 2408 Aug.
855 2366 906 2397 De
932 2366 1059 2405 Quant.
1077 2366 1226 2396 Animae
1242 2365 1284 2396 Xl
1310 2363 1348 2396 18
1373 2364 1511 2407 (Migne
1530 2364 1689 2403 XXXII,
1703 2364 1829 2404 1046):

515 2413 696 2455 Siquidem
729 2417 791 2450 est,
824 2413 918 2454 quod
952 2412 1084 2444 nullam
1118 2411 1327 2443 divisionem
1357 2411 1524 2452 patiatur
1547 2434 1556 2442 .
1575 2434 1583 2442 .
1602 2434 1610 2442 .
1628 2434 1636 2441 .
1663 2415 1716 2442 est
1741 2420 1830 2453 ergo

511 2460 651 2501 signum
672 2463 756 2491 nota
775 2459 849 2490 sine
859 2458 1037 2500 partibus.
1064 2458 1149 2490 Vide
1166 2468 1275 2499 supra
1289 2468 1326 2499 p.
1344 2460 1392 2489 55
1407 2461 1440 2489 et
1457 2459 1515 2490 56.
1589 2466 1642 2499 29.
1664 2457 1717 2498 Cf.
1733 2456 1821 2487 Tho·

514 2515 591 2536 mae
617 2505 856 2536 Bradwardini
889 2505 932 2535 de
959 2504 1072 2535 Causa
1104 2504 1167 2536 Dei
1203 2504 1214 2535 Ι
1250 2513 1293 2544 24
1325 2503 1408 2544 (Ed.
1442 2502 1568 2542 Lond„
1595 2514 1634 2544 p.
1661 2504 1734 2534 243
1758 2501 1831 2543 D).-

514 2551 611 2584 Deus
637 2556 756 2583 autem
784 2560 832 2583 ex
856 2561 921 2583 sua
947 2550 1189 2593 infinitissima
1215 2549 1384 2582 claritate
1410 2548 1677 2591 comprehendit
1708 2558 1830 2580 omnes

514 2607 569 2630 res
590 2597 838 2639 particulares
870 2601 902 2629 ec
933 2606 1055 2629 omnes
1084 2596 1284 2638 particulas
1312 2595 1492 2637 temporis,
1524 2595 1630 2627 sicuti
1653 2599 1747 2635 sunt,
1773 2604 1828 2627 ve-

514 2644 653 2676 rissime
667 2653 733 2685 per
757 2653 792 2675 se
816 2644 949 2685 ipsum:
975 2643 1053 2675 Non
1080 2643 1173 2674 enim
1200 2642 1340 2685 indiget
1357 2641 1630 2683 comparatione
1653 2641 1709 2673 vel
1734 2640 1827 2673 rela-

514 2690 610 2722 tione
630 2689 917 2731 praeteritorum
953 2689 1006 2721 vel
1028 2690 1240 2731 futurorum
1275 2688 1324 2718 ad
1350 2696 1525 2729 praesens
1551 2687 1697 2725 instans,
1731 2696 1830 2718 more

516 2736 735 2777 infirmitatis
767 2736 955 2776 humanae,
987 2735 1050 2767 sed
1075 2734 1242 2778 intelligit
1267 2734 1388 2766 omnia
1414 2734 1520 2766 simul
1546 2737 1581 2766 et
1599 2733 1827 2775 praesentia-

508 2783 590 2815 liter
615 2792 725 2825 aeque
749 2784 857 2815 clare.
