2056 3234
242 172 316 217 176

277 869 345 897 God
368 869 465 903 might

260 906 334 932 have
355 902 480 939 granted

258 942 308 966 tlte
329 939 427 970 object
448 937 483 964 of

259 975 359 1001 desire
380 978 409 999 at
430 973 479 999 tlic

264 1017 336 1044 very
357 1008 474 1045 instant

253 1044 340 1070 when
364 1043 485 1069 Lucitcr

279 1078 399 1105 desirecl
422 1078 453 1103 it.

232 1113 319 1141 Then
340 1113 389 1139 the
410 1111 509 1139 desire

268 1148 368 1174 would
393 1148 467 1173 have

241 1183 315 1209 been'
334 1182 501 1217 rigmeous.

244 1448 310 1475 Tne
332 1451 377 1474 act
397 1446 431 1473 of
448 1447 496 1473 the

235 1488 372 1510 creature
393 1486 422 1508 at
442 1490 500 1517 any

280 1522 417 1543 moment
437 1517 462 1542 is

275 1551 460 1583 accidental;

232 1586 383 1613 therefore
404 1586 425 1613 it
446 1594 500 1612 can

304 1622 376 1656 only
397 1621 432 1647 be

268 1656 467 1692 accidentally

334 1691 401 1717 bad.

947 180 1171 212 JOHANNJs
1199 180 1364 211 WICLIF
1612 177 1701 205 CAP.
1723 177 1833 205 XVIII.

522 287 630 333 quod
653 297 734 321 non
758 294 813 321 est
838 287 932 321 dare
955 284 1226 321 variacionern
1251 298 1296 322 ex
1320 294 1433 333 parte
1457 285 1637 332 subiecti,
1672 286 1832 322 racione

523 342 634 378 cuius
678 342 1001 390 inseparabiliter
1037 343 1184 379 inesset
1223 343 1292 379 uni
1332 343 1438 379 actui
1485 343 1645 379 malicia
1691 343 1830 391 pocius

522 413 643 448 quam
677 400 841 436 cuilibet
871 413 939 436 sue
961 400 1120 449 speciei,
1145 400 1245 437 sicut
1269 410 1326 437 est
1350 402 1396 437 de
1419 400 1625 448 nigredine
1649 401 1689 437 in
1713 414 1831 437 corvo

522 467 558 494 et
583 459 724 494 ebano.
759 460 847 505 Ipsa
871 458 974 494 enim
1010 458 1329 506 complexionem
1363 458 1473 495 mixti
1505 459 1754 504 naturaliter,
1789 471 1832 495 ex

522 529 600 564 qua
645 516 811 552 resultat
856 516 984 552 forma
1028 516 1300 564 superaddita.
1355 518 1446 552 Ideo
1480 516 1510 552 si
1545 516 1709 552 mixtum
1750 519 1864 552 non5

521 582 653 621 potest
694 586 829 609 carere
867 573 935 610 tali
974 583 1211 621 temperato,
1265 582 1361 610 tunc
1405 586 1478 610 nec
1522 583 1652 622 potest
1697 586 1832 610 carere

522 631 728 679 nigredine
773 640 1056 679 consequente,
1103 640 1139 667 et
1172 631 1225 668 ita
1258 640 1315 667 est
1348 633 1395 667 de
1429 631 1518 668 aliis
1557 632 1832 668 accidentibus

522 688 855 736 inseparabilibus
900 689 1240 737 quibuscumque3
1287 702 1375 725 cum
1418 702 1509 737 ergo
1542 702 1622 725 non
1655 689 1704 726 sit
1737 691 1831 725 dare

522 746 616 783 talia
657 746 869 794 principia,
915 747 1194 795 principancia
1234 747 1436 783 maliciam
1479 747 1570 783 talis
1602 756 1727 794 actus,
1773 760 1831 783 se-

522 804 671 853 quitur,
705 806 812 853 quod
847 805 1006 841 malicia
1038 817 1119 841 non
1152 813 1208 841 est
1241 806 1290 841 ab
1324 817 1369 841 ea
1400 804 1691 852 inseparabilis.
1851 819 1890 840 10

580 864 692 908 Item,
725 862 756 898 si
790 864 895 899 Deus
929 864 1040 899 daret
1069 862 1251 899 Lucifero
1284 863 1381 898 illud
1413 863 1598 908 volubile,
1633 864 1741 911 quod
1774 863 1832 899 in-

522 920 706 956 ordinate
726 920 805 966 wlt,
831 929 866 956 et
888 921 963 956 hoc
984 933 1056 968 pro
1081 922 1220 957 eodem
1244 920 1420 966 instanti,
1439 934 1512 968 pro
1535 933 1614 969 quo
1635 920 1700 957 ille
1722 929 1832 957 actus

523 977 693 1023 elicitur,
727 986 821 1014 tunc
845 987 945 1014 esset
978 977 1044 1014 illa
1065 978 1223 1014 volucio
1256 978 1371 1024 iusta,
1407 979 1500 1026 quia
1534 978 1834 1025 complaccncia

523 1035 563 1070 in
596 1035 667 1071 Dei
701 1037 820 1082 dono,
855 1044 891 1071 et
923 1044 1018 1072 tunc
1052 1044 1153 1072 esset
1186 1036 1291 1072 idern
1326 1045 1450 1082 actus,
1485 1036 1553 1084 qui
1586 1049 1705 1083 nunc,
1740 1037 1833 1084 quia

523 1093 627 1129 idem
660 1093 840 1139 volitum,
886 1093 991 1129 idem
1023 1094 1173 1139 volens,
1217 1093 1323 1130 idem
1356 1103 1513 1142 tempus
1553 1094 1833 1141 produccionis
1853 1098 1889 1129 15

524 1159 560 1186 et
594 1151 733 1187 eadem
781 1150 890 1187 racio
926 1151 1100 1198 volendi,
1149 1164 1224 1199 que
1269 1151 1471 1188 sufficiunt
1516 1153 1565 1187 ad
1609 1151 1833 1188 individua-

524 1208 677 1244 cionem
714 1217 845 1253 actus;
881 1221 974 1257 ergo
1008 1222 1097 1245 cum
1121 1209 1316 1257 contingit
1339 1218 1589 1257 assumptum
1613 1209 1832 1256 verificare,

523 1266 703 1314 sequitur
736 1266 980 1315 possibilitas
1015 1267 1314 1315 consequentis;
1361 1267 1604 1315 possibilitas
1639 1267 1832 1315 assumpti

521 1333 630 1372 patet
663 1336 705 1360 ex
738 1325 827 1371 hoc,
868 1326 976 1373 quod
1009 1337 1141 1371 omne,
1182 1327 1288 1373 quod
1323 1327 1428 1361 Deus
1460 1338 1653 1373 umquam
1687 1325 1830 1373 potuit,

523 1382 750 1419 necessario
783 1394 939 1418 summe
972 1382 1142 1419 faciliter
1174 1395 1331 1430 semper
1363 1392 1505 1430 potest.
1849 1395 1891 1417 20

581 1442 677 1476 Item
724 1449 962 1477 creaturam
993 1441 1091 1477 velle
1136 1441 1282 1477 habere
1327 1442 1464 1477 datum
1509 1440 1682 1477 volubile
1726 1453 1832 1476 nunc

523 1506 590 1533 aut
628 1506 720 1534 tunc
760 1499 907 1534 nedum
948 1498 1142 1546 contingit
1182 1511 1272 1534 cum
1307 1498 1416 1534 omni
1448 1498 1517 1534 tali
1549 1498 1760 1535 volucione
1792 1498 1832 1534 in

523 1555 653 1603 specie
686 1565 722 1591 et
755 1555 946 1601 subiecto,
990 1557 1058 1592 sed
1090 1556 1248 1592 videtur
1281 1568 1363 1592 esse
1396 1569 1552 1593 summe
1585 1556 1833 1593 accidentale

521 1612 591 1648 tali
625 1613 750 1658 actui3
797 1626 904 1661 ergo,
950 1626 1039 1650 cum
1086 1623 1249 1662 propter
1293 1613 1582 1650 limitacionem
1627 1613 1832 1662 temporis,

523 1683 601 1719 quo
623 1671 749 1707 voluit
781 1671 1028 1708 anteriorare
1051 1685 1166 1708 suum
1199 1673 1472 1717 commodum,
1507 1671 1623 1707 infuit
1645 1671 1833 1708 volicioni
1850 1676 1889 1707 25

522 1741 591 1764 sue
623 1729 840 1777 obliquitas
897 1728 901 1780 Ι
941 1729 1132 1778 sequitur,
1179 1731 1286 1778 quod
1331 1742 1487 1766 summe
1532 1729 1833 1766 accidentaliter
1850 1733 1965 1766 F.232

522 1786 594 1821 fuit
634 1786 701 1822 illa
738 1787 896 1823 volucio
940 1787 1097 1823 iniusta.
1146 1788 1278 1824 Minor
1320 1788 1477 1824 videtur
1516 1800 1558 1824 ex
1591 1788 1679 1832 hoc,
1725 1788 1832 1835 quod

522 1845 635 1892 lapso
668 1853 863 1892 tempore,
903 1858 976 1892 pro
1005 1858 1085 1893 quo
1118 1854 1261 1882 natura
1295 1845 1507 1882 racionalis
1541 1845 1693 1893 appetit
1725 1857 1833 1881 com—

523 1903 702 1948 modum,
748 1902 895 1938 labitur
927 1903 1027 1939 velle
1060 1903 1157 1939 illud
1191 1904 1448 1939 commodum
1484 1916 1556 1951 pro
1588 1911 1694 1948 tunc,
1741 1915 1829 1939 cum

522 1959 748 1996 necessario
770 1961 835 1997 wlt
868 1960 1103 2008 simpliciter
1135 1970 1293 2009 tempus
1327 1960 1518 2007 revocari,
1553 1969 1589 1997 et
1611 1973 1692 1997 non
1715 1973 1831 2008 opor·
1849 1964 1890 1996 30

522 2026 577 2053 tet
625 2017 763 2054 exinde
809 2017 1062 2055 volucionem
1111 2019 1289 2055 desinere
1337 2031 1439 2064 esse3
1494 2031 1587 2066 ergo
1639 2018 1833 2066 contingit

524 2074 652 2111 eidem
697 2075 802 2112 actui
849 2075 1108 2122 accidentale,
1154 2078 1261 2125 quod
1307 2077 1545 2113 terminetur
1578 2077 1627 2112 ad
1658 2076 1832 2112 volubile

522 2141 616 2168 tunc
649 2142 716 2169 aut
749 2146 855 2170 nunc
887 2135 1086 2179 volutum3
1120 2135 1192 2180 vel,
1227 2134 1258 2170 si
1282 2134 1400 2171 fuerit
1430 2133 1587 2170 volucio
1621 2133 1833 2182 singularis

523 2190 696 2227 limitata
736 2204 757 2227 a
797 2193 890 2228 dato
934 2192 1110 2237 instanti,
1162 2193 1293 2229 adhuc
1341 2205 1421 2228 non
1465 2191 1689 2239 negabitur,
1737 2191 1834 2239 quin

525 2250 629 2284 Deus
675 2257 805 2296 potest
851 2250 945 2286 dare
977 2251 1154 2286 volutum
1196 2263 1268 2298 pro
1301 2251 1396 2286 dato
1441 2249 1615 2286 instanti.
1659 2252 1707 2285 Et
1741 2262 1833 2285 con-
1851 2252 1888 2286 35

524 2306 705 2342 firmacio
744 2306 860 2342 huius
900 2316 970 2353 est,
1017 2309 1126 2356 quod
1165 2307 1232 2344 illa
1264 2308 1421 2345 volucio
1456 2316 1512 2344 est
1545 2315 1729 2343 creatura
1762 2307 1833 2342 Dei

524 2365 572 2399 ab
606 2364 692 2411 ipso
727 2373 908 2410 causata3
955 2377 1048 2413 ergo
1083 2367 1188 2401 Deus
1232 2375 1361 2413 potest
1404 2366 1533 2402 facere
1578 2365 1703 2412 ipsam
1750 2365 1833 2400 sine

525 2421 696 2466 malicia,
737 2422 837 2459 sicut
870 2435 1168 2471 quamcumque
1201 2424 1377 2460 animam
1413 2424 1496 2459 sine
1530 2422 1712 2470 originali
1745 2434 1833 2470 pec-

525 2488 616 2514 cato
662 2480 837 2516 sedatam
882 2489 1013 2528 potest
1057 2481 1187 2517 facere
1232 2481 1392 2517 iustam.
1440 2483 1540 2518 Cum
1575 2492 1667 2527 ergo
1700 2491 1831 2524 omne,

525 2538 632 2585 quod
678 2539 782 2574 Deus
826 2547 971 2586 potest,
1016 2539 1065 2574 sit
1109 2539 1356 2586 continuum,
1408 2547 1530 2587 patet,
1583 2539 1689 2586 quod
1735 2537 1891 2581 nulli40

524 2594 631 2630 actui
664 2594 990 2643 inseparabiliter
1020 2596 1122 2632 incst
1155 2597 1328 2633 malicia.

594 2802 621 2825 o.
644 2800 823 2833 temperato]
846 2799 934 2826 cod.:
954 2800 1039 2831 tpaw.
