2056 3234
211 194 298 221 CAP·
320 194 399 221 XVI·
529 197 588 228 DE
615 196 738 228 ENTE
765 195 1184 227 PREDICAMENTALL

213 305 338 338 Deum
378 312 542 350 propter
581 302 778 338 defectum
812 301 1053 337 induicionis
1086 300 1201 336 huius
1240 311 1512 338 creaturarum

212 360 284 397 ait:
340 359 409 396 “Si
462 360 584 395 habes
636 359 882 403 bracchium,
936 359 1037 395 sicut
1084 361 1200 400 Deus,
1255 367 1291 394 et
1344 359 1374 395 si
1420 372 1515 395 voce

212 417 331 453 simili
378 418 517 453 tonas?
569 417 785 453 Circumda
834 416 903 452 tibi
950 418 1136 452 decorem
1182 425 1218 452 et
1262 416 1301 451 in
1346 416 1515 453 sublime

212 474 375 522 erigere,
411 484 448 511 et
482 483 565 510 esto
598 474 809 522 gloriosus,
843 483 879 510 et
903 473 1093 521 speciosis
1126 473 1292 509 induere
1326 474 1513 510 vestibus.

176 532 402 580 §Disperge
435 533 628 580 superbos
661 531 701 568 in
733 533 868 567 furore
901 541 984 576 tuo,
1025 540 1062 567 et
1094 531 1312 579 respiciens
1353 544 1515 567 omnem

209 598 463 637 arrogantem
501 589 687 626 humilia:
731 589 896 636 Respice
930 598 1094 625 cunctos
1127 590 1321 637 superbos
1353 598 1390 625 et
1423 602 1516 625 con-

208 648 328 683 funde
367 658 434 684 eos
474 656 510 683 et
549 656 709 683 contere
749 660 817 683 eos
855 647 895 682 in
932 647 1021 682 loco
1060 659 1145 682 suo.
1192 648 1402 683 Absconde
1448 659 1515 683 eos

207 705 247 741 in
279 706 440 752 pulvere
473 705 605 750 simul,
648 714 684 740 et
717 704 837 741 facies
870 717 1008 740 eorum
1043 706 1230 752 demerge
1263 704 1303 740 in
1335 705 1514 751 foveam,

207 771 244 798 et
278 775 350 810 ego
384 763 618 808 confitebor,
658 764 766 810 quod
799 762 950 798 salvare
983 770 1021 797 te
1054 762 1179 809 possit
1212 763 1371 798 dextera
1404 763 1514 809 tua'’;

154 832 191 853 10
208 821 320 869 quasi
354 820 515 863 diceret,
556 820 587 856 si
622 821 741 856 habes
781 819 1023 867 potenciam,
1063 828 1105 855 ut
1138 821 1256 865 Deus,
1298 829 1390 856 tunc
1423 833 1515 869 sup-

207 887 344 925 portas
368 878 542 926 singulas
567 887 769 914 creaturas
795 877 907 925 quasi
931 877 1168 913 vestimenta
1193 886 1274 913 tam
1301 890 1514 926 corporeas

207 948 327 983 quam
351 936 622 984 incorporeas.
658 937 854 981 Secundo,
885 935 915 971 si
941 936 1060 971 habes
1083 934 1260 982 regimen
1292 936 1515 973 universale

206 993 333 1029 tocius
352 993 622 1030 universitatis
646 992 890 1040 corripiendi
914 993 1062 1040 impios
1085 1001 1122 1028 et
1145 1005 1211 1029 eos
1235 993 1513 1040 deprimendo.

207 1053 255 1086 Et
286 1051 425 1097 tercio,
460 1051 499 1087 in
533 1060 708 1087 extremo
741 1050 891 1087 iudicio
925 1051 1131 1098 puniendo
1165 1052 1331 1087 ostende
1364 1053 1440 1088 hoc
1473 1052 1513 1087 in

153 1108 465 1155 15execucione3
511 1118 548 1145 et
592 1118 686 1145 tunc
731 1110 950 1145 concedam
995 1117 1032 1144 te
1077 1120 1161 1144 esse
1206 1111 1347 1144 Deum.
1400 1111 1513 1146 Unde

206 1166 485 1214 philosophice
519 1166 707 1203 describit
740 1179 841 1202 unus
876 1169 967 1211 240s
999 1166 1334 1214 philosophorum
1370 1170 1512 1214 Deum,

206 1225 367 1272 quando
401 1224 497 1260 dixit
530 1227 656 1260 Deum
698 1236 781 1260 esse
822 1224 1015 1260 circulum
1054 1223 1359 1271 intelligentem,
1401 1225 1513 1261 cuius

207 1291 386 1317 centrum
428 1291 485 1318 est
524 1282 686 1330 ubique,
727 1291 763 1318 et
796 1281 1125 1318 circumferencia
1164 1294 1382 1330 nusquam,
1428 1283 1513 1330 ipse

206 1339 311 1375 enim
357 1340 483 1387 replet
528 1348 564 1376 et
610 1340 787 1376 continet
832 1341 969 1376 orbern
1014 1348 1226 1385 terrarum,
1278 1348 1322 1376 ut
1367 1340 1513 1376 dicitur

149 1396 407 1444 2osapiencie
451 1397 603 1446 primo,
650 1397 743 1445 quia
788 1397 924 1434 omnia
968 1409 1039 1444 per
1083 1396 1215 1445 ipsum
1261 1405 1297 1433 et
1342 1397 1382 1433 in
1426 1398 1512 1446 ipso

206 1455 309 1490 facta
342 1464 445 1501 sunt,
493 1457 559 1491 “et
591 1455 675 1503 ipse
709 1464 766 1491 est
799 1463 890 1491 ante
923 1467 1076 1500 omneS,
1111 1463 1148 1491 et
1182 1455 1318 1491 omnia
1350 1455 1391 1491 in
1424 1455 1511 1504 ipso

207 1513 434 1559 constant'',
479 1521 521 1548 ut
560 1512 656 1549 dicit
687 1513 905 1561 Apostolus
944 1514 993 1548 ad
1026 1512 1113 1548 Col.
1150 1512 1294 1560 primo.
1340 1515 1394 1548 Ex
1435 1527 1513 1561 qua

206 1570 447 1606 auctoritate
492 1579 613 1618 patet,
667 1572 775 1618 quod
822 1569 1060 1606 universitas
1112 1579 1246 1606 creata
1291 1570 1418 1606 effluit
1463 1573 1511 1607 ab

206 1627 293 1675 ipso
346 1636 506 1664 creante
551 1637 588 1664 et
632 1628 825 1676 recipitur
868 1627 907 1663 in
960 1627 1048 1675 ipso
1100 1637 1362 1675 sustentante,
1418 1629 1512 1677 quia

149 1688 188 1719 25
206 1685 343 1722 omnia
366 1698 435 1733 per
458 1686 588 1734 ipsum
614 1695 650 1722 et
673 1686 713 1722 in
736 1686 842 1733 ipso,
877 1695 914 1722 et
936 1685 1061 1722 tercio
1085 1685 1312 1722 continetur
1344 1687 1393 1722 ab
1425 1686 1511 1734 ipso

206 1744 465 1790 gubernante,
520 1756 607 1779 cum
654 1743 703 1780 sit
749 1752 839 1779 ante
883 1756 1022 1779 omnes
1075 1752 1293 1789 creaturas,
1347 1743 1387 1779 in
1432 1757 1511 1792 quo

205 1813 344 1837 omnes
389 1801 453 1837 ille
498 1810 697 1846 constant,
743 1814 791 1837 ne
830 1801 956 1837 fluant
994 1801 1034 1837 in
1071 1800 1280 1837 nichilum.
1333 1804 1388 1837 Ex
1426 1802 1511 1838 istis

205 1858 321 1894 dictis
361 1859 547 1906 colligere
586 1869 712 1907 potes,
762 1860 870 1907 quod
909 1860 984 1895 due
1028 1858 1183 1906 priores
1226 1859 1509 1906 producencie,

204 1916 347 1964 quibus
382 1919 486 1952 Deus
525 1917 712 1964 producit
752 1926 969 1961 creaturas,
1016 1916 1313 1964 quantumlibet
1351 1926 1509 1964 preten—

147 1977 188 2008 30
204 1976 302 2018 dunt
339 1974 575 2010 naturaliter
614 1987 749 2010 earum
792 1974 1061 2011 existenciam.
1107 1976 1199 2010 Ideo
1239 1973 1385 2010 dicitur
1418 1988 1508 2022 pro-

204 2033 349 2068 ducere
382 2032 495 2080 quasi
529 2033 668 2080 procul
701 2034 859 2068 ducere.

261 2091 445 2126 Secundo
498 2099 621 2137 patet,
680 2091 789 2138 quod
841 2089 942 2125 sicut
993 2102 1092 2137 opus
1145 2089 1505 2126 administrationis

203 2146 461 2194 distinguitur
493 2149 541 2183 ab
574 2160 695 2195 opere
734 2147 1070 2193 conservacionis,
1116 2147 1171 2183 sic
1210 2160 1310 2195 opus
1351 2160 1507 2183 conser-

201 2204 378 2241 vacionis
411 2205 667 2253 distinguitur
700 2206 747 2241 ab
781 2217 901 2252 opere
935 2204 1249 2252 cooperacionis.
1283 2207 1385 2240 Nam
1419 2218 1508 2252 pro—

146 2263 185 2296 35
203 2263 407 2308 ducencia,
455 2275 532 2311 qua
567 2265 672 2299 Deus
712 2272 900 2310 operatur
939 2271 1163 2300 creaturam
1203 2262 1243 2298 in
1282 2262 1507 2309 existencia,

187 2321 330 2355 solum
371 2330 441 2365 est,
488 2322 649 2368 quando
695 2329 878 2356 creatura
923 2320 1160 2368 producitur
1197 2320 1236 2355 in
1277 2320 1508 2365 existencia3

203 2378 270 2412 sed
316 2379 599 2414 conservancia
645 2378 716 2414 Dei
763 2388 820 2414 est
865 2378 1055 2414 continua
1102 2391 1122 2414 a
1168 2378 1298 2425 primo
1345 2377 1508 2414 instanti

269 2509 297 2525 Δ.
321 2499 417 2527 Cod.:
436 2500 597 2534 speciosus
669 2500 692 2527 5.
718 2500 812 2527 (joar..-
832 2500 985 2534 disperde.
1061 2500 1087 2527 6.
1110 2501 1247 2534 cunctos]
1269 2500 1358 2528 coast:
1378 2501 1505 2528 amicos.

200 2541 246 2568 29.
272 2534 365 2561 Cod..·
386 2535 542 2573 quantul3.
617 2533 658 2562 33.
680 2536 768 2569 opus]
791 2536 875 2562 cmi..-
896 2537 994 2570 te‘pus.

275 2616 324 2648 16.
353 2618 404 2658 Cf.
431 2618 594 2657 libellum,
613 2628 717 2658 quam
738 2618 784 2649 H.
807 2618 952 2659 Demfle,
979 2619 1111 2650 Archiv
1129 2620 1198 2660 sur
1215 2619 1417 2650 Litteratur
1435 2621 1508 2651 und

199 2662 562 2705 Kirchengesclziclzte‚
589 2664 629 2696 II
645 2665 779 2703 (1866),
803 2675 836 2705 p.
857 2666 929 2694 427
946 2675 993 2705 sq.
1016 2665 1147 2705 publici
1171 2665 1258 2696 iuris
1272 2666 1375 2706 fecit,
1402 2671 1507 2708 atque

199 2709 327 2740 ibidem
355 2710 569 2740 sentenciam
598 2710 796 2751 philosophi
826 2711 994 2742 alterius:
1026 2711 1145 2743 “Deus
1178 2717 1228 2743 est
1259 2721 1378 2751 spera,
1409 2713 1506 2743 cuius

199 2758 357 2786 centrum
393 2756 525 2797 ubique,
559 2756 842 2796 circumferentia
876 2766 958 2788 vero
991 2757 1198 2799 nusquam.’'
1241 2757 1292 2798 Cf.
1325 2757 1430 2788 etiam
1464 2758 1505 2788 de

177 2800 366 2839 Ecclesia,
392 2811 424 2841 p.
450 2811 521 2832 loo.
619 2812 671 2832 20.
701 2803 786 2843 Sap.
813 2805 839 2842 l,
871 2803 898 2832 7.
997 2812 1049 2833 22.
1078 2804 1152 2834 Col.
1178 2805 1205 2841 1,
1234 2803 1285 2835 17.

1729 192 1795 226 151

1568 2097 1752 2127 Distinction

1593 2133 1726 2161 between

1552 2170 1765 2197 conversation

1633 2204 1691 2230 and

1549 2239 1767 2271 cooperation;

1526 2272 1593 2307 they
1613 2281 1663 2299 are
1684 2273 1795 2300 related

1530 2306 1559 2333 in
1580 2307 1630 2334 the
1650 2308 1741 2334 order
1761 2309 1790 2335 in

1533 2341 1631 2369 which
1653 2342 1723 2378 they
1743 2351 1794 2370 are

1560 2376 1630 2403 herc
1652 2377 1766 2411 placed.
