2056 3234
156 528 172 560 5

189 187 277 215 CAP.
298 187 363 215 XX.
513 189 571 220 DE
599 188 721 220 ENTE
748 188 1167 219 PREDICAMENTALI.
1706 180 1780 227 ¹95

189 308 259 331 sua
274 295 355 331 -fuit
387 295 540 330 nullum
574 293 840 330 successivum
875 305 990 341 posse
1025 306 1107 330 esse
1140 293 1179 328 in
1213 293 1388 338 instanti,
1423 306 1494 329 nec
1546 302 1756 341 nor-hqveits

189 352 357 389 alicuius
396 351 605 388 successivi
644 363 759 399 posse
798 363 881 387 esse
913 351 1088 399 primum
1122 351 1272 387 instans
1306 360 1374 387 aut
1406 351 1496 387 ulti·
1541 337 1707 406 ἓξῇζῇἓᾞξ
1726 346 1761 399 ἕξ

190 423 314 457 mum,
359 410 398 446 in
432 423 510 458 quo
544 409 593 445 sit
626 410 703 445 tale
735 408 1016 455 successivum,
1062 410 1131 445 sed
1163 409 1292 445 solum
1333 409 1495 455 moveri,
1536 407 1767 476 ἓξέἓξῖῖῗῑζὲῧ

189 469 283 503 dum
319 477 375 504 est
408 468 511 503 inter
543 467 757 503 terminum
792 479 814 503 a
846 479 926 515 quo
960 475 995 502 et
1029 466 1245 502 terminum
1280 468 1329 502 ad
1362 479 1495 514 quem.
1531 477 1627 512 single
1648 477 1773 505 instant.

189 528 236 561 Et
271 524 530 562 confirmacio
570 524 686 560 huius
720 533 777 561 est
809 526 857 560 de
890 524 1148 560 denominato
1189 524 1398 561 contrariis
1433 526 1498 560 de-

189 582 538 619 nominacionibus
571 595 641 630 per
674 583 772 618 duas
807 582 1038 618 medietates
1071 581 1277 629 temporis,
1312 581 1352 617 in
1385 582 1498 618 cuius

190 641 321 677 medio
354 640 517 677 instanti
550 649 692 676 neutra
725 648 885 688 oportet
924 639 1054 687 ipsum
1094 639 1358 676 denominari.
1398 641 1498 676 Ymo

189 698 229 734 in
263 698 397 734 multis
430 707 626 746 repugnat
660 699 768 746 quod
791 697 830 733 in
855 697 988 733 medio
1021 697 1185 734 instanti
1218 697 1499 734 denominetur

190 756 327 802 altera,
361 765 403 792 ut
435 755 475 792 in
510 756 641 792 medio
674 755 837 792 instanti
871 755 973 791 inter
1011 754 1115 791 diem
1150 764 1187 791 et
1224 764 1382 792 noctem
1421 755 1499 792 ori—

137 813 315 850 1ozontis
354 813 494 860 nostri,
539 826 611 850 nec
644 822 700 850 est
734 812 816 849 dies
849 812 1067 849 artificialis
1112 813 1178 858 ibi,
1219 826 1291 849 nec
1331 826 1406 849 nox
1438 814 1499 849 vel

136 1103 171 1136 15

189 871 306 908 simul
350 880 519 919 utraque
563 884 653 907 cum
705 884 786 907 non
839 870 886 907 sit
937 870 1044 907 racio
1096 871 1346 917 diversitatis,
1406 884 1498 919 ymo

189 942 315 977 usque
359 931 408 966 ad
454 930 592 965 datum
646 937 839 977 punctum
895 928 1229 976 multiplicaretur
1282 938 1498 977 utrumque

189 995 357 1035 tempus.
391 988 492 1023 Vere
536 999 630 1035 ergo
676 987 878 1034 loquendo
926 988 1228 1023 concedendum
1279 996 1336 1024 est
1380 999 1499 1023 omne

189 1044 457 1081 successivum
506 1057 589 1081 esse
636 1043 677 1080 in
725 1044 904 1092 quolibet
957 1044 1121 1081 instanti
1174 1044 1392 1081 intrinseco
1440 1044 1499 1080 sui

189 1114 285 1149 esse,
325 1115 405 1139 non
437 1111 645 1151 tamquam
680 1114 868 1138 mensura
901 1112 969 1138 sue
1001 1102 1253 1148 extensionis,
1299 1105 1367 1139 sed
1400 1112 1500 1139 tam-

189 1173 309 1209 quam
344 1172 464 1197 causa
497 1160 557 1196 sui
598 1172 700 1206 esse;
746 1159 810 1196 ille
856 1159 960 1196 enim
1007 1169 1064 1196 est
1108 1173 1209 1196 unus
1255 1162 1396 1197 modus
1441 1160 1499 1196 in-

189 1218 359 1264 essendi,
394 1227 436 1254 ut
469 1227 578 1266 patet
610 1222 658 1264 40
693 1218 964 1264 Phisicorum3
1011 1231 1099 1254 cum
1140 1231 1233 1266 ergo
1267 1218 1417 1255 instans
1450 1218 1499 1254 sit

189 1289 280 1324 pars
324 1275 591 1324 quantitativa
636 1277 843 1323 temporis,
888 1285 1045 1324 tempus
1087 1285 1143 1312 est
1183 1276 1221 1312 in
1259 1276 1499 1313 instantibus

188 1342 396 1382 tamquam
430 1333 510 1370 suis
545 1333 746 1381 partibu53
778 1333 1013 1370 Aristoteles
1037 1342 1185 1381 tamen,
1218 1347 1367 1382 negans
1392 1347 1499 1371 com-

133 1391 435 1439 20posicionem
483 1391 696 1439 compositi
742 1404 785 1427 ex
830 1404 910 1427 non
960 1391 1131 1440 quantis,
1181 1392 1343 1439 diceret,
1392 1394 1498 1441 quod

134 1680 172 1713 25

188 1449 312 1485 nichil
345 1458 402 1485 est
435 1449 473 1486 in
506 1459 702 1497 tempore,
743 1450 803 1485 vel
834 1449 874 1485 in
906 1449 1085 1496 instanti,
1131 1450 1205 1486 nisi
1238 1452 1347 1499 quod
1379 1450 1419 1486 in
1452 1463 1498 1486 eo

188 1516 398 1555 tamquam
422 1507 463 1543 in
488 1516 744 1544 mensurante
776 1508 837 1543 vel
871 1520 954 1544 esse
987 1520 1101 1543 suum
1136 1508 1404 1545 substanciale
1436 1509 1498 1544 vel

189 1577 272 1601 esse
312 1565 571 1610 accidentale,
614 1574 650 1601 et
690 1565 866 1613 quelibet
905 1566 1133 1602 substancia
1179 1567 1299 1602 habet
1343 1575 1497 1602 motum

189 1622 478 1659 accidentalem
518 1622 828 1668 instantaneum‚
871 1625 1092 1660 secundum
1127 1636 1244 1672 quem
1279 1633 1336 1660 est
1369 1624 1408 1660 in
1442 1624 1498 1659 in-

189 1680 328 1725 stanti3
375 1682 442 1717 sed
482 1681 614 1716 nullus
654 1689 783 1716 motus
824 1681 884 1717 vel
924 1680 1034 1717 aliud
1067 1682 1334 1718 successivum
1369 1691 1426 1718 est
1458 1682 1498 1717 in

189 1738 362 1774 termino
396 1751 467 1774 suo
506 1738 739 1783 extrinseco,
775 1739 956 1786 quamvis
990 1739 1039 1775 sit
1072 1739 1111 1775 in
1144 1740 1275 1788 primo
1317 1740 1400 1776 eius
1440 1740 1497 1775 in-

190 1796 310 1832 stanti
356 1804 393 1832 et
438 1796 594 1841 ultimo,
650 1805 685 1832 et
732 1795 787 1832 sic
833 1797 1101 1834 successivum
1147 1811 1227 1834 non
1273 1798 1497 1834 extenditur

190 1855 409 1890 secundum
456 1854 758 1890 diuturnitatem
800 1854 839 1889 in
879 1854 1062 1901 instanti3
1102 1857 1171 1891 sed
1205 1864 1312 1892 extra
1345 1856 1497 1892 instans

190 1913 279 1959 plus
311 1912 372 1948 vel
406 1911 536 1947 minus
569 1912 788 1948 secundum
819 1912 902 1948 eius
936 1912 1255 1960 diuturnitatem,
1290 1922 1331 1949 ut
1363 1914 1497 1950 littera

134 1971 175 2002 30
190 1982 270 2005 non
304 1978 360 2005 est
393 1969 589 2006 extensive
622 1969 661 2005 in
695 1978 858 2017 puncto,
893 1971 1076 2018 quamvis
1116 1971 1166 2007 sit
1206 1984 1325 2008 causa
1364 1971 1494 2008 littere

134 2258 173 2290 35

44 2430 172 2472 12:237‘

130 2556 173 2587 40

190 2026 229 2063 in
270 2023 449 2075 quolibet
488 2027 572 2064 eius
612 2036 779 2076 punct03
824 2037 918 2063 tunc
958 2029 1063 2065 enim
1106 2038 1162 2065 est
1201 2041 1262 2065 res
1301 2029 1497 2066 extensive

190 2085 249 2120 vel
283 2085 548 2121 mensurative
581 2085 621 2121 in
655 2085 745 2131 alia,
781 2086 943 2133 quando
977 2086 1209 2123 immediate
1244 2096 1497 2124 mensuratur

190 2155 259 2190 per
282 2142 406 2189 illam,
442 2152 484 2179 ut
517 2155 660 2190 corpus
695 2151 751 2178 est
786 2143 982 2180 extensive
1014 2144 1051 2180 in
1086 2145 1189 2191 loco,
1223 2147 1385 2192 quando
1419 2156 1497 2181 una

190 2213 281 2247 pars
322 2200 404 2236 eius
450 2200 673 2237 extenditur
712 2213 782 2248 per
816 2213 935 2237 unam
970 2210 1124 2249 partem
1158 2202 1263 2238 illius
1303 2203 1414 2247 situs,
1461 2211 1498 2238 et

190 2257 267 2293 alia
305 2270 375 2305 per
417 2258 550 2294 aliam.
606 2260 738 2294 Motus
780 2258 903 2295 eciam
945 2272 1034 2295 cum
1075 2260 1239 2296 accione
1278 2260 1318 2296 in
1358 2260 1497 2297 ceteris

189 2315 422 2358 successivis
456 2325 513 2353 est
538 2315 736 2353 extensive
761 2328 830 2364 per
852 2325 1025 2365 tempus,
1050 2330 1129 2353 non
1155 2331 1234 2366 quo
1259 2320 1309 2355 ad
1334 2319 1496 2364 molem,

190 2374 257 2409 sed
291 2386 371 2421 quo
405 2375 454 2410 ad
488 2374 762 2411 duracionem.

247 2432 300 2466 Ex
345 2431 428 2467 istis
474 2441 593 2480 patet,
643 2434 749 2480 quod
794 2432 894 2468 sicut
941 2433 1096 2469 nullum
1138 2431 1142 2484 Ι
1185 2433 1495 2481 multiplicatum
1556 2438 1740 2465 Distinction

189 2500 258 2535 per
297 2489 429 2524 locum
475 2499 532 2526 est
577 2490 773 2526 extensive
817 2502 886 2537 per
931 2491 1076 2536 locum,
1123 2491 1177 2527 sic
1216 2492 1367 2527 nullum
1409 2503 1495 2539 per-
1518 2473 1776 2543 pel-gleglvvezetnand

190 2558 354 2582 manens
400 2559 470 2594 per
515 2556 672 2596 tempus
718 2557 774 2583 est
820 2548 1016 2585 extensive
1061 2561 1130 2596 per
1174 2549 1272 2584 illud
1319 2558 1495 2596 tempus3
1557 2545 1737 2571 successive.

257 2689 302 2724 39.
326 2691 378 2724 sic]
401 2692 488 2718 cod:
514 2693 577 2719 sed.

263 2795 310 2825 17.
339 2786 392 2826 Cf.
413 2786 513 2816 Arist.
534 2787 607 2817 Nat.
634 2788 736 2817 Ausc.
756 2787 799 2818 IV
821 2788 835 2820 3
858 2786 918 2828 (5),
944 2798 951 2817 1
983 2789 1064 2825 (Ed.
1087 2789 1167 2821 Par.
1191 2789 1228 2820 Il
1246 2790 1329 2827 25²7,
1357 2791 1407 2820 33
1424 2791 1495 2826 ss).

1302 2870 1310 2889 1
1321 2861 1336 2891 3
1353 2863 1370 2878 ’ἑ
