2056 3234
847 769 1106 822 CAPUT
1146 770 1556 833 QUARTUM.

275 931 404 958 Νεῑτὴει
424 931 515 965 being
604 926 658 959 Ex
690 923 773 959 istis
797 922 911 959 facile
945 931 1002 959 est
1024 923 1171 967 videle,
1206 925 1313 987 quod
1345 935 1419 959 nec
1453 935 1533 968 enS‚
1567 935 1639 959 nec
1673 922 1857 959 accidens

258 951 586 1028 {³12¹wfffi2igsse2glssgnein
608 994 679 1017 sua
704 980 877 1017 maxima
910 980 1203 1017 communitate
1232 981 1281 1017 sit
1311 993 1434 1028 genus
1468 982 1642 1028 myreum,
1676 980 1857 1028 quamxis

305 1035 483 1105 ilsogicigfflff
545 1048 761 1087 utrumque
794 1039 956 1075 illorum
992 1039 1040 1074 sit
1073 1051 1197 1086 genus
1230 1039 1477 1086 ambiguum.

271 1116 409 1151 Beingis
429 1120 484 1143 not
504 1124 519 1142 a
603 1099 661 1133 De
695 1105 784 1133 ente
817 1105 1021 1144 ponuntur
1054 1096 1322 1132 communiter
1354 1096 1530 1144 triplices
1564 1095 1758 1133 raciones.

283 1184 295 1211 I
353 1159 461 1213 {2338
480 1186 503 1212 it
604 1154 737 1190 Prima
784 1155 833 1190 ad
877 1155 964 1200 hoc,
1016 1156 1125 1202 quod
1169 1154 1217 1190 sit
1261 1166 1384 1202 genus
1429 1155 1603 1202 loycum,
1654 1162 1859 1201 oporteret

319 1220 393 1247 does
414 1225 467 1247 not
545 1214 654 1260 quod
687 1211 837 1248 diceret
871 1211 1108 1260 quiditatem
1142 1211 1203 1247 sui
1236 1211 1423 1258 subiecti;
1463 1214 1531 1248 sed
1564 1225 1645 1248 non
1677 1211 1732 1248 sic
1764 1211 1859 1247 facit

310 1263 435 1290 express
456 1263 471 1281 a

319 1290 469 1326 quiddity.
547 1283 614 1306 ens
647 1270 687 1306 in
719 1283 790 1306 sua
824 1269 998 1305 maxima
1031 1269 1323 1306 communitate
1347 1279 1530 1318 respectu
1554 1269 1735 1316 alicuius,
1769 1269 1858 1305 ideo

545 1327 644 1363 nulli
688 1337 760 1374 est,
805 1336 848 1363 ut
886 1327 953 1371 sic,
1000 1339 1123 1375 genus
1161 1328 1342 1375 loycum3
1392 1328 1521 1364 maior
1567 1336 1678 1376 patet
1718 1339 1761 1363 ex
1794 1329 1859 1363 de-

546 1385 770 1433 scripcione
808 1384 976 1433 generis,
1016 1398 1138 1433 quam
1178 1385 1292 1433 ponit
1326 1385 1560 1434 Porphirius
1599 1384 1776 1433 capitulo
1813 1389 1857 1420 20

547 1452 583 1479 et
606 1443 839 1493 Aristoteles
861 1442 1130 1490 Topicorum3
1166 1452 1202 1479 et
1232 1445 1531 1479 concordantur
1562 1455 1702 1479 omnes
1731 1442 1860 1491 philo-

546 1500 674 1548 sophi,
708 1502 817 1549 quod
850 1513 974 1548 genus
1006 1500 1238 1548 predicatur
1270 1500 1310 1536 in
1343 1501 1458 1549 quid3
1492 1500 1607 1537 aliter
1641 1500 1745 1537 enim
1779 1513 1860 1537 non

548 1567 649 1595 esset
682 1571 775 1606 pars
808 1558 1048 1606 quiditativa
1080 1571 1148 1594 sue
1181 1558 1346 1606 speciei3
1380 1568 1417 1595 et
1445 1558 1577 1595 minor
1599 1567 1708 1607 patet
1731 1571 1774 1595 ex
1799 1571 1857 1603 eo,

546 1617 654 1664 quod
677 1618 724 1653 de
754 1617 864 1652 nullo
894 1616 1018 1652 scitur
1047 1628 1117 1664 per
1141 1617 1229 1662 hoc,
1263 1618 1371 1664 quod
1401 1625 1457 1652 est
1481 1629 1563 1662 ens,
1597 1616 1672 1652 nisi
1701 1616 1858 1664 questio

546 1674 606 1720 „si
640 1675 722 1710 est'⁷
749 1675 798 1710 de
831 1675 986 1719 eodem,
1028 1683 1065 1710 et
1098 1686 1186 1710 cum
1221 1674 1290 1710 illa
1322 1674 1587 1722 distingwitur
1620 1674 1859 1722 generaliter

545 1745 567 1768 a
600 1731 809 1780 questione
843 1731 968 1779 „quid
1001 1732 1084 1768 est''
1111 1733 1158 1768 de
1191 1731 1299 1768 omni
1334 1733 1503 1769 habente
1527 1731 1763 1780 quiditatem
1798 1731 1859 1769 sui

546 1789 728 1836 subiecti,
763 1789 857 1837 quia
890 1799 985 1825 tunc
1018 1802 1087 1837 per
1120 1791 1206 1836 hoc,
1242 1792 1350 1838 quod
1383 1799 1441 1826 est
1474 1802 1555 1835 ens,
1590 1789 1858 1826 innotesceret

547 1847 643 1895 quid
669 1847 778 1883 aliud
802 1856 916 1893 esset,
941 1849 989 1883 ab
1014 1847 1092 1883 alio
1111 1847 1361 1894 diffiniendo,
1385 1849 1493 1896 quod
1517 1856 1574 1883 est
1597 1847 1857 1896 impossibile,

548 1919 638 1941 cum
673 1917 792 1941 omne
824 1905 1024 1953 singulare
1058 1905 1241 1942 convenit
1274 1905 1314 1941 in
1347 1918 1430 1942 esse
1463 1918 1554 1942 cum
1588 1905 1779 1953 quolibet.

270 1970 307 1997 Π.
327 1973 399 2005 Any
418 1977 513 2003 genus
606 1965 791 1999 Secunda
823 1963 933 1999 racio
966 1963 1138 1999 sumitur
1172 1976 1215 1999 ex
1248 1964 1387 2000 eadem
1422 1963 1567 2000 radice.
1603 1965 1703 2000 Nam
1737 1975 1857 1999 omne

275 2005 513 2072 ἀίᾒᾞξὲῗῃξῗὲἀς
547 2033 671 2068 genus
703 2030 842 2056 natum
878 2030 934 2057 est
967 2022 1112 2057 habere
1146 2023 1245 2057 duas
1278 2021 1528 2057 differencias
1561 2033 1629 2057 sue
1653 2020 1857 2058 divisionis

548 2087 584 2115 et
616 2078 761 2126 speciei
802 2078 1091 2125 constitutivas,
1132 2080 1200 2115 sed
1238 2078 1294 2115 sic
1331 2092 1412 2115 non
1449 2088 1579 2127 potest
1612 2091 1679 2115 ens
1712 2080 1858 2115 habere

615 2209 643 2236 9.
668 2201 764 2228 Cod..·
786 2209 873 2237 poro.
947 2201 983 2229 15.
1008 2201 1102 2230 Cod.:
1124 2201 1224 2229 deod'.
1298 2210 1336 2229 21.
1361 2201 1455 2230 Cod.:
1477 2202 1534 2230 sui.

621 2284 670 2305 10.
711 2275 764 2316 Cf.
797 2273 978 2316 Porphyrii
1011 2273 1196 2305 Phoenicei
1230 2274 1429 2314 Introduct.,
1463 2285 1535 2316 cap.
1565 2284 1581 2305 2
1617 2274 1672 2316 (In
1700 2274 1856 2306 editione

547 2320 744 2352 Aristotelis
766 2319 904 2359 Veneta,
923 2322 1027 2359 1552,
1049 2331 1086 2362 p.
1106 2322 1135 2352 1‘
1153 2326 1185 2352 et
1206 2321 1258 2361 2):
1288 2321 1490 2363 Tripliciter
1515 2322 1623 2363 igitur
1649 2330 1726 2353 cum
1745 2330 1855 2362 genus

547 2367 700 2404 dicacur,
727 2366 770 2398 de
795 2367 902 2398 tertio
929 2367 1027 2407 apud
1048 2367 1274 2408 philosophos
1300 2377 1416 2399 sermo
1444 2371 1514 2399 est:
1545 2367 1638 2410 quod
1664 2367 1769 2399 etiam
1797 2367 1854 2399 de-

546 2413 735 2445 scribentes
762 2413 1046 2455 amignaverunt,
1082 2416 1193 2456 genu's
1220 2423 1292 2446 esse
1318 2414 1484 2452 dicentes,
1510 2414 1603 2455 quod
1629 2413 1671 2444 de
1688 2413 1855 2455 pluribus

546 2463 579 2490 et
605 2458 848 2501 dzjfferentibus
874 2460 987 2500 specie
1014 2459 1048 2490 in
1084 2469 1133 2497 eo,
1167 2460 1279 2502 quod
1311 2460 1413 2502 quid
1446 2465 1507 2492 est
1535 2460 1785 2501 praedicatur,
1818 2463 1856 2490 ut

546 2506 683 2536 animal
686 2529 800 2536 .....
827 2504 945 2542 Quare
971 2505 1014 2537 de
1034 2506 1196 2546 pluribus
1216 2506 1427 2548 praedicari
1450 2506 1575 2538 dividit
1600 2516 1710 2549 genus
1737 2506 1780 2537 ab
1799 2505 1853 2545 iis,

546 2561 635 2592 quae
661 2551 704 2583 de
730 2561 799 2583 uno
823 2553 935 2582 solum
963 2561 1094 2589 eornm,
1122 2562 1211 2593 quae
1242 2556 1323 2583 sunt
1355 2552 1552 2591 individua,
1581 2552 1852 2594 praedicantur.

545 2597 625 2628 Hoc
660 2607 755 2635 vero,
792 2597 835 2629 de
867 2597 1110 2640 differentibus
1142 2598 1266 2640 specie,
1304 2602 1452 2639 separat
1483 2599 1525 2629 ab
1557 2599 1610 2637 iis,
1643 2608 1731 2638 quae
1763 2599 1854 2629 sicut

546 2643 676 2684 species
708 2643 982 2685 praedicantur,
1020 2644 1072 2675 vel
1101 2643 1192 2676 sicut
1224 2646 1390 2686 propria.
1430 2645 1468 2676 In
1502 2654 1540 2676 eo
1574 2650 1704 2683 autem,
1744 2643 1853 2686 quod

546 2689 650 2730 quid
682 2693 762 2728 est,
789 2690 1056 2730 praedicari
1093 2690 1222 2721 d1v1'd1t
1253 2700 1274 2721 a
1309 2690 1520 2733 differentiis
1551 2696 1584 2722 et
1616 2691 1853 2723 communiter

546 2735 811 2788 accidentiam.
857 2742 917 2767 ,et
935 2736 1073 2767 Aristot.
1089 2735 1179 2777 Top.
1198 2736 1209 2767 Ι
1228 2746 1250 2777 4
1269 2735 1330 2777 (5),
1350 2735 1369 2768 6
1389 2737 1472 2777 (Ed
1498 2737 1584 2769 Par
1603 2736 1713 2775 1175,
1730 2738 1753 2767 8
1770 2736 1851 2777 sq.)-

545 2779 659 2818 Γένος
684 2779 715 2811 δ’
733 2777 807 2812 ἐστι
832 2781 871 2813 τὸ
906 2779 997 2812 κατὰ
1027 2778 1206 2813 πλειόνων
1235 2793 1295 2813 xm
1327 2780 1581 2825 διαφερόντων
1612 2786 1660 2827 τῷ
1697 2781 1784 2815 εἴδει
1815 2778 1854 2813 ἐν

545 2829 594 2870 τῷ
621 2825 657 2858 τί
679 2823 755 2858 ἐστι
778 2827 1100 2870 κατηγορούμενον.

1876 1100 1892 1133 5

1880 1400 1918 1421 10

1879 1679 1914 1711 15

1875 1978 1916 1999 20
