2056 3234
230 173 301 208 152

264 1508 333 1535 God
354 1508 379 1535 is
400 1509 449 1534 the

249 1551 339 1569 cause
360 1543 394 1569 of
411 1542 460 1568 tbe

220 1578 320 1604 action
342 1578 370 1604 in
394 1577 493 1604 which

231 1612 267 1639 be
288 1616 477 1648 cooperatos-

226 2202 395 2236 Difficulty:
419 2201 487 2228 (iod

227 2241 339 2263 cannot
360 2236 487 2271 directly

227 2275 390 2306 cooperate
410 2271 481 2298 with

228 2307 276 2332 the
296 2310 432 2332 crcnturc
452 2306 482 2333 in

288 2348 346 2377 any
367 2345 424 2368 act.

946 181 1170 213 JOHANNIS
1196 180 1363 211 WICLIF
1628 177 1717 204 CAP.
1740 177 1810 205 XVI

509 296 691 323 creature
730 300 854 336 usque
888 289 937 323 ad
977 287 1112 323 finem.
1160 288 1201 322 In
1235 286 1467 322 successivis
1507 295 1639 322 autem
1684 296 1823 323 mutuo

509 346 825 393 correspondent
866 343 1153 381 conservancia
1186 343 1258 380 Dei
1292 352 1328 380 et
1362 344 1444 381 eius
1483 346 1713 391 operancia,
1756 346 1824 381 sed

508 402 547 438 in
571 403 900 451 permanentibus
929 399 933 455 Ι
963 402 1233 451 producencia
1256 401 1437 449 precedit
1469 403 1746 450 temporaliter
1785 402 1825 438 in
1842 407 1880 439 F.
1899 408 1962 440 226

509 461 732 498 successive
764 460 891 506 factis,
927 469 963 496 et
997 459 1283 497 conservancia
1315 459 1496 508 sequitur
1529 461 1822 508 temporaliter,

508 519 609 556 sicut
648 518 688 554 in
720 519 852 555 subito
896 518 1009 554 factis
1054 517 1325 565 producencia
1369 526 1425 554 est
1471 518 1615 564 subita,
1661 527 1698 555 et
1732 524 1857 555 con-5

508 576 712 614 servancia
750 576 998 624 temporalis,
1043 575 1238 624 incipiens
1271 589 1343 623 pro
1377 577 1517 612 eodem
1557 576 1741 622 instanti3
1787 585 1823 612 et

508 636 616 683 quod
650 634 915 682 cooperancia
940 634 1011 670 Dei
1046 633 1304 681 distinguitur
1337 635 1385 670 ab
1420 634 1503 669 eius
1536 633 1821 671 conservancia

508 701 616 741 patet
650 704 693 728 ex
726 694 815 739 hoc,
850 694 956 740 quod
990 691 1274 728 conservancia
1293 691 1364 727 Dei
1399 692 1620 728 formaliter
1643 691 1824 740 sequitur

508 752 557 787 ad
591 749 847 786 existenciam
889 758 1084 796 creature,
1130 751 1197 786 sed
1236 762 1317 785 non
1350 749 1405 785 sic
1439 750 1704 797 cooperancia
1737 749 1822 795 Dei,

509 808 603 857 quia
647 808 716 845 illa
760 808 927 856 requirit
972 807 1254 855 operacionem
1302 816 1498 853 creature,
1545 820 1620 856 que
1666 817 1722 844 est
1761 820 1824 844 ac-
1844 822 1882 843 ιο

510 866 721 903 cidentalis
755 878 822 902 sue
856 865 1046 902 essencie.

567 925 716 960 Omnes
749 933 885 960 tamen
918 924 990 960 iste
1022 936 1102 960 non
1135 932 1227 959 sunt
1260 923 1334 959 nisi
1374 923 1593 959 relaciones
1636 923 1823 969 racionis,

510 995 600 1018 cum
634 984 740 1017 Deus
773 982 927 1018 nullum
962 981 1091 1017 nisum
1128 981 1295 1029 apponit
1329 980 1369 1016 in
1402 981 1537 1028 aliqua
1569 981 1822 1029 operacione,

509 1041 578 1075 sed
621 1040 791 1076 volendo
837 1039 932 1075 dicit
978 1040 1087 1087 quod
1131 1039 1262 1086 posita
1306 1051 1425 1075 causa
1469 1040 1669 1086 completa
1720 1039 1824 1076 facta

509 1106 599 1134 sunt
632 1110 886 1145 quecumque
925 1096 1117 1134 factibilia
1157 1096 1197 1132 in
1238 1105 1343 1143 actu,
1387 1096 1440 1132 ita
1487 1098 1595 1145 quod
1635 1096 1709 1133 ista
1748 1097 1881 1134 tria15

509 1168 549 1192 se
582 1156 730 1192 habent
762 1155 803 1191 in
836 1154 996 1192 ordine:
1036 1154 1267 1203 generativa
1300 1153 1371 1190 Dei
1411 1163 1593 1203 respectu
1627 1164 1823 1201 creature,

510 1213 797 1250 conservancia
830 1213 1007 1250 eiusdem
1042 1222 1080 1250 et
1113 1212 1381 1260 cooperancia
1414 1225 1505 1249 cum
1540 1214 1700 1259 eadem3
1734 1213 1824 1250 ideo

510 1273 674 1320 planum
710 1281 779 1317 est,
825 1273 933 1319 quod
979 1270 1195 1319 coagencia
1228 1270 1300 1306 Dei
1346 1283 1435 1307 cum
1484 1280 1667 1307 creatura
1712 1271 1824 1319 ponit

510 1331 597 1378 plus
631 1342 751 1378 quam
786 1329 1070 1366 conservancia
1105 1329 1303 1375 eiusdem3
1337 1341 1416 1365 non
1447 1341 1539 1377 ergo
1563 1341 1683 1365 causa
1716 1342 1823 1365 com-

510 1389 616 1436 pleta
661 1387 824 1435 agenci'e
859 1387 930 1423 Dei
970 1400 1060 1424 cum
1103 1396 1285 1423 creatura
1326 1396 1383 1423 est
1422 1387 1505 1423 eius
1539 1387 1822 1424 conservancia
1840 1400 1881 1422 20

511 1459 601 1482 cum
635 1445 842 1494 principiis
874 1445 961 1482 aliis
995 1445 1250 1482 causantibus
1283 1445 1490 1492 agenciam
1526 1454 1720 1481 creature.

569 1506 674 1540 Deus
708 1516 802 1551 ergo
836 1516 917 1539 non
950 1503 1031 1551 agit
1064 1516 1155 1540 cum
1190 1511 1388 1549 creatura,
1428 1503 1503 1540 nisi
1537 1503 1663 1540 active
1698 1505 1822 1540 modo

510 1575 582 1599 suo
616 1563 907 1610 comproducat
940 1561 1156 1598 terminum
1196 1560 1387 1608 accionis,
1427 1563 1534 1609 quod
1569 1573 1615 1597 eo
1648 1561 1735 1609 ipso
1774 1562 1823 1598 sit

511 1634 532 1657 a
557 1623 654 1666 Deo,
688 1633 768 1668 quo
801 1619 867 1656 ille
899 1619 1094 1656 terminus
1128 1619 1366 1668 producitur
1399 1621 1618 1656 secundum
1644 1619 1822 1656 divinum

511 1678 821 1726 beneplacitum,
857 1686 894 1714 et
916 1678 1131 1726 utrobique
1154 1677 1194 1714 in
1217 1677 1328 1713 omni
1352 1677 1593 1726 operacione
1618 1678 1823 1714 communi
1840 1679 1880 1712 25

510 1739 593 1773 Deo
633 1745 669 1772 et
714 1735 906 1773 creaturis
939 1738 1044 1772 Deus
1089 1745 1196 1772 tenet
1240 1735 1528 1784 principatum,
1578 1748 1666 1772 cum
1712 1735 1823 1784 prius

510 1803 641 1831 movet
681 1803 908 1830 creaturam
943 1795 992 1830 ad
1026 1795 1240 1841 agendum,
1282 1806 1402 1842 quam
1443 1794 1529 1842 ipsa
1568 1802 1672 1841 agat,
1714 1802 1751 1830 et
1783 1793 1824 1830 in

510 1852 819 1900 comparacione
842 1851 969 1888 utitur
988 1861 1183 1898 creatura,
1208 1861 1251 1888 ut
1274 1865 1345 1888 suo
1369 1851 1650 1897 instrumento,
1671 1864 1823 1900 ponens

509 1923 549 1947 se
582 1910 826 1959 principium
869 1919 905 1946 et
944 1910 1064 1947 finem
1113 1910 1260 1958 operis.
1314 1912 1363 1946 Et
1401 1910 1476 1947 isto
1523 1911 1645 1946 modo
1690 1918 1822 1958 potest

509 1968 586 2005 dici
632 1970 736 2005 Deus
789 1968 1023 2005 immediate
1076 1980 1192 2016 agere
1245 1967 1465 2016 quamlibet
1519 1967 1725 2004 accionem
1771 1969 1820 2004 ad
1839 1970 1880 2002 30

508 2039 667 2063 sensum
702 2026 885 2074 superius
919 2026 1157 2074 expositum,
1190 2025 1282 2062 lieet
1316 2026 1510 2062 Dominus
1543 2027 1822 2062 Ardmacanus

509 2085 611 2120 libro
643 2088 714 2132 170
738 2086 785 2120 de
809 2084 1085 2132 questionibus
1104 2086 1374 2120 Armenorum
1410 2083 1586 2132 capitulo
1617 2087 1686 2131 170
1711 2083 1821 2130 dicit,

511 2143 619 2190 quod
651 2155 724 2179 nec
757 2143 878 2178 audet
911 2142 1015 2178 idem
1050 2154 1209 2190 negare,
1244 2154 1316 2178 nec
1348 2151 1499 2178 temere
1534 2141 1750 2178 affirmare.

569 2200 787 2248 Supposito
819 2199 939 2247 igitur
972 2200 1048 2236 isto
1082 2201 1204 2236 modo
1237 2200 1381 2248 agendi
1415 2201 1503 2236 loco
1537 2199 1670 2248 quarti
1711 2199 1820 2235 modi

510 2257 651 2305 agendi
706 2257 904 2304 Doctoris‚
959 2270 1048 2294 cum
1102 2271 1182 2294 non
1235 2258 1283 2294 sit
1336 2257 1548 2294 laudabilis
1600 2256 1821 2294 similitudo
1838 2259 1877 2292 35

577 2389 622 2418 28.
646 2390 720 2418 Cod.
732 2401 741 2418 :
767 2399 872 2426 pones¹

580 2484 632 2517 29.
662 2475 716 2517 Cs.
743 2474 900 2506 Riccardi
940 2475 1014 2506 Fitz
1052 2475 1164 2517 Ralph
1199 2476 1241 2506 de
1269 2476 1411 2515 Quaest.
1444 2478 1539 2510 Arm.
1572 2489 1621 2520 17,
1654 2490 1691 2520 17
1726 2480 1818 2519 (cod.

512 2521 656 2554 Vindob.
684 2522 789 2560 4819,
824 2521 903 2552 Fol.
931 2522 1003 2553 275
1022 2523 1075 2562 h).·
1106 2524 1159 2554 An
1187 2522 1253 2554 iste
1286 2523 1422 2562 modus,
1461 2532 1560 2565 quem
1595 2525 1738 2557 conaris
1765 2526 1817 2558 in-

508 2568 645 2606 ducere,
679 2567 829 2609 probari
860 2568 978 2599 valeat
1009 2577 1056 2600 ex
1088 2568 1283 2610 scriptura,
1321 2569 1462 2610 scilicet,
1501 2571 1594 2611 quod
1620 2571 1720 2603 Deus
1754 2572 1817 2604 im-

509 2613 664 2647 mediate
688 2613 810 2655 coagit
835 2614 932 2646 omni
965 2615 1091 2657 agenti
1122 2619 1255 2653 creato,
1287 2615 1375 2647 sicut
1406 2616 1612 2649 immediate
1644 2622 1819 2650 sustentat

507 2664 706 2698 creaturas,
749 2661 818 2691 sive
855 2665 1044 2692 conservat
1081 2670 1159 2692 cum
1202 2666 1446 2700 conservante,
1487 2663 1559 2694 sive
1596 2668 1818 2697 sustentante

507 2711 639 2744 creato,
667 2716 802 2749 negare
829 2716 896 2738 non
923 2707 1039 2739 audeo
1066 2717 1174 2748 neque
1200 2712 1331 2740 temer-e
1349 2708 1549 2750 affirmare.
1625 2710 1678 2750 34.
1697 2710 1816 2749 Quarti

507 2752 600 2783 modi
621 2753 743 2794 agendi
763 2752 934 2793 Doctoris]
962 2755 1005 2795 cf.
1024 2753 1131 2785 verba
1150 2763 1198 2785 ex
1212 2753 1371 2785 Thomae
1390 2755 1626 2786 Bradwardini
1646 2756 1696 2787 De
1716 2766 1817 2788 causa

506 2798 568 2829 Dei
596 2798 637 2828 Ill
664 2797 684 2829 6
710 2808 819 2840 supra
846 2800 971 2838 allata,
991 2809 1084 2842 pag.
1109 2801 1189 2831 123.
