2056 3234
218 191 291 228 192
939 185 1163 217 JOHANNIS
1188 184 1356 215 WiCLlF
1631 181 1722 209 CAP.
1745 180 1809 208 xx.

504 293 675 337 Deuns',
710 294 810 328 Ecce
844 291 993 327 decisio
1027 289 1258 338 questionis.
1294 291 1341 325 Et
1374 302 1454 325 non
1487 289 1666 333 dubium,
1701 288 1811 337 quin,

505 350 535 386 si
569 350 721 398 aliquid
755 358 812 385 est
845 357 942 396 aput
975 350 1117 394 Deum,
1152 356 1246 383 tunc
1278 359 1369 383 vere
1402 356 1472 383 est.

238 417 417 450 According
436 420 467 461 tq
564 407 755 444 Similiter
791 406 898 442 iuxta
937 407 1039 442 hanc
1071 405 1175 441 viam
1215 418 1295 441 non
1335 414 1392 440 est
1431 404 1621 452 possibile
1654 413 1813 451 tempus

224 455 485 514 ⁰ss¹ffegpss31¹ffi¹g³
505 466 565 503 vel
597 465 760 513 aliquod
794 463 1061 500 successivum
1095 464 1242 499 habere
1275 471 1408 511 partes
1441 462 1653 510 aliquotas,
1687 470 1724 497 et
1746 474 1817 509 per

239 523 468 593 angviiiiiengoelse
507 535 755 571 consequens
793 535 873 558 non
913 530 969 557 est
1008 520 1209 569 possibile,
1255 522 1364 569 quod
1404 521 1548 556 habeat
1588 528 1734 567 partes,
1781 524 1850 555 et5

214 599 387 630 successtve
401 590 490 617 could
506 594 577 629 per
616 592 865 629 consequens
905 592 985 616 non
1018 588 1148 627 potest
1181 591 1264 614 esse
1299 578 1506 614 divisibile.
1554 580 1816 625 Assumptum

247 627 461 697 Ῑιζζζξεῃὲζῖιὲορῐ
506 640 701 687 probatur
735 650 778 674 ex
817 639 906 683 hoc,
951 638 1061 685 quod
1100 649 1146 672 eo
1186 636 1285 684 ipso,
1331 637 1439 684 quod
1478 635 1643 683 aliquod
1682 635 1819 671 huius-

278 696 431 724 divisible.
507 696 616 733 modi
656 697 775 732 habet
814 704 946 743 partes
985 707 1058 743 pro
1097 694 1234 743 aliquo
1273 693 1437 730 instanti
1478 694 1595 729 habet
1634 693 1723 729 illas
1761 705 1820 729 se-

506 755 681 791 cundum
717 753 915 802 principia
948 752 1150 800 opinionis
1183 753 1360 797 adverse,
1396 760 1433 788 et
1465 763 1536 799 per
1569 762 1819 799 consequens

505 820 665 861 oportet
688 811 776 848 illas
799 820 933 859 partes
958 823 1041 847 esse
1063 810 1103 846 in
1128 811 1268 846 eodem
1302 809 1467 846 instanti
1499 809 1606 845 iuxta
1639 808 1820 857 proximo
1840 822 1878 843 10

506 871 630 915 dicta3
676 881 923 917 consequens
965 868 1228 916 impossibile,
1275 880 1368 916 ergo
1409 875 1674 915 assumptum.
1718 868 1819 902 Nam

506 941 586 965 una
618 931 664 973 4a
694 940 776 963 non
810 936 868 963 est
901 939 990 963 cum
1025 926 1112 962 aliis
1145 926 1284 971 tribus,
1319 935 1356 962 et
1388 923 1443 963 ita
1476 926 1523 961 de
1558 920 1631 960 8νίὃ
1665 933 1701 961 et
1735 924 1821 972 qui-

507 988 757 1034 buscumque
791 985 876 1021 aliis
909 983 1092 1032 partibus
1125 983 1330 1032 aliquotis⁹

215 1059 286 1087 Itis
307 1055 488 1093 onlyinits
567 1043 640 1080 Hic
680 1043 826 1079 dicitur
872 1050 1177 1090 consequenter,
1224 1043 1332 1090 quod
1377 1041 1645 1078 successivum
1691 1040 1820 1076 solum

231 1094 483 1155 'mdssffatifftffl‘t
509 1114 581 1150 pro
615 1114 687 1137 suo
722 1100 855 1137 medio
888 1099 1053 1136 instanti
1086 1101 1206 1136 habet
1240 1100 1378 1135 ambas
1413 1099 1647 1135 medietates
1681 1107 1717 1134 et
1749 1109 1821 1145 pro
1842 1103 1878 1135 15

230 1160 483 1221 successiondha?
510 1160 577 1196 illo
609 1158 774 1195 instanti
808 1159 926 1194 habet
959 1169 1098 1194 omnes
1131 1166 1264 1205 partes
1297 1157 1510 1205 aliquotas,
1535 1156 1628 1205 quia
1652 1168 1697 1192 eo
1720 1155 1821 1203 ipso,

234 1200 478 1261 giiffessb'itiqs‘ianils
510 1218 617 1266 quod
652 1226 708 1254 est
742 1216 906 1264 aliquod
940 1215 1093 1252 instans
1132 1215 1395 1252 intrinsecum
1428 1213 1639 1252 successivi
1671 1214 1733 1250 vel
1765 1212 1822 1248 in-

249 1267 464 1338 alcsfflof'tgflft.
511 1284 619 1312 stans
659 1274 880 1311 terminans
922 1283 989 1310 aut
1027 1273 1209 1320 inicians,
1255 1282 1350 1309 tunc
1382 1273 1423 1309 in
1455 1273 1523 1309 illo
1561 1271 1727 1308 instanti·
1766 1279 1823 1307 est

510 1334 609 1369 illud
654 1331 944 1377 successivum,
993 1340 1030 1367 et
1062 1331 1116 1368 ita
1160 1331 1391 1367 huiusmodi
1436 1330 1702 1367 successivum
1742 1341 1824 1365 non

512 1391 701 1428 continue
747 1389 909 1426 habebit
953 1390 1268 1437 qualescumque
1320 1397 1453 1437 partes
1498 1387 1700 1436 aliquotas
1743 1400 1824 1423 non
1841 1402 1883 1424 20

512 1448 871 1493 communicantes,
925 1448 992 1484 sed
1045 1448 1173 1483 solum
1220 1459 1293 1495 pro
1339 1446 1472 1483 medio
1524 1445 1689 1482 instanti
1742 1444 1825 1481 eius

513 1506 762 1553 medietates,
797 1515 833 1542 et
862 1502 865 1557 Ι
896 1506 1210 1554 qualescumque
1244 1505 1341 1541 alias
1375 1504 1588 1553 aliquotas.
1842 1507 1973 1541 F.236‘

270 1579 449 1615 Objection:
571 1566 721 1601 Contra
759 1564 865 1600 istud
899 1563 966 1599 sic.
1012 1563 1053 1600 Si
1088 1563 1322 1600 continuum
1362 1561 1619 1610 componitur
1652 1574 1695 1598 ex
1727 1573 1825 1597 non-

222 1616 313 1644 Time
330 1623 363 1642 ³5
380 1612 497 1641 defined
514 1622 687 1671 quantis,
728 1631 868 1658 notum
903 1630 973 1667 est,
1014 1622 1122 1669 quod
1157 1620 1406 1669 impossibile
1440 1629 1496 1657 est
1530 1621 1609 1656 duo
1641 1628 1825 1667 tempora

252 1659 306 1678 can
328 1650 405 1677 have
426 1656 464 1675 no

234 1684 488 1748 ἓιὲέῗὲῖὸἰξῗὲἳὲ
514 1679 903 1717 non-continuancia
942 1679 1168 1715 continuari
1207 1680 1257 1716 ad
1295 1678 1480 1724 invicem,
1525 1677 1599 1714 nisi
1638 1690 1708 1725 per
1747 1678 1825 1712 duo
1843 1682 1882 1714 25

251 1760 313 1782 two
333 1755 465 1781 instants
514 1738 723 1784 instancia,
758 1750 834 1786 que
867 1746 1026 1785 oportet
1059 1737 1178 1773 simul
1210 1749 1292 1773 esse
1326 1735 1559 1773 continuata
1588 1735 1696 1772 iuxta
1719 1734 1827 1783 prin-

224 1788 493 1852 Ἥζῌθζνᾞᾷἀῇξ·
516 1796 619 1844 cipia
642 1796 697 1833 sic
721 1794 995 1843 opinancium.
1030 1797 1122 1831 Ideo
1155 1803 1266 1831 tenta
1299 1794 1364 1830 illa
1387 1794 1451 1830 via
1474 1802 1655 1841 superest
1677 1804 1827 1841 ponere

233 1859 492 1905 cana-otallowqa
516 1855 642 1891 multa
687 1853 884 1890 instancia
918 1865 1012 1898 esse,
1059 1852 1153 1901 quia
1191 1853 1258 1888 illa
1299 1852 1534 1888 continuata
1579 1850 1828 1888 constituunt

252 1896 466 1962 bffigrnaengcg
515 1922 673 1960 tempus
707 1910 981 1948 materialiter.
1016 1913 1117 1947 Ymo
1142 1910 1256 1947 aliter
1290 1920 1447 1958 tempus
1481 1909 1750 1957 compositum
1785 1920 1827 1945 ex

233 1964 387 2034 Clffiffiieffi
407 1966 489 2025 {¹0ss&
514 1970 757 2007 instantibus
799 1969 961 2017 paribus
1000 1982 1080 2005 non
1119 1969 1284 2005 haberet
1323 1968 1501 2004 medium
1541 1967 1707 2014 instans,
1752 1966 1827 2003 nisi
1845 1973 1887 2004 30

233 2034 323 2068 being
343 2031 492 2067 changed.
515 2030 660 2065 habeat
704 2027 900 2064 instancia
939 2028 1017 2063 duo
1057 2039 1157 2075 eque
1204 2026 1348 2071 media,
1394 2039 1565 2075 quorum
1611 2034 1829 2073 utrumque

515 2095 674 2134 oportet
708 2084 897 2133 componi
931 2098 1021 2121 cum
1062 2084 1231 2132 reliquo,
1277 2084 1553 2120 continuando
1597 2083 1684 2120 illas
1730 2084 1829 2119 duas

515 2152 648 2193 partes
682 2143 920 2180 adinvicem.
968 2143 1008 2179 Si
1042 2152 1175 2179 autem
1210 2151 1396 2179 teneatur
1427 2141 1490 2178 via
1521 2141 1747 2178 Aristotelis
1781 2142 1829 2177 de

516 2201 816 2249 composicione
861 2200 1041 2237 continui
1079 2200 1290 2237 successivi
1328 2209 1437 2248 patet
1476 2212 1519 2236 ex
1557 2207 1665 2235 sexto
1705 2198 1830 2235 Phisi-

518 2272 672 2305 corum,
720 2260 829 2307 quod
868 2271 949 2294 non
990 2267 1047 2295 est
1086 2259 1181 2295 dare
1214 2258 1390 2306 primum
1423 2258 1484 2294 vel
1517 2256 1704 2294 ultimum
1738 2257 1829 2293 talis
1846 2260 1885 2293 35

518 2317 698 2354 continui
731 2315 953 2362 successivi,
988 2315 1097 2364 quia,
1130 2325 1173 2352 ut
1206 2315 1382 2352 creditur
1414 2317 1462 2352 de
1495 2328 1614 2351 causa
1639 2318 1689 2361 (ψ)
1723 2314 1830 2363 capi-

517 2376 601 2411 tulo
638 2375 695 2421 50,
742 2376 849 2423 quod
889 2386 1008 2411 omne
1048 2373 1196 2410 mutari
1230 2373 1408 2422 precedit
1442 2381 1641 2409 mutatum
1676 2385 1759 2409 esse
1793 2381 1830 2409 et

518 2442 695 2469 econtra.
742 2432 782 2469 Si
823 2441 955 2469 autem
996 2441 1098 2468 esset
1137 2433 1231 2468 dare
1274 2431 1449 2480 primurn
1490 2431 1643 2467 instans
1683 2439 1828 2476 motus,

1444 2544 1467 2552 es

587 2576 626 2605 31.
648 2586 724 2613 eque
745 2585 783 2604 ex
802 2585 878 2612 equa
899 2585 980 2604 corr.
1054 2575 1100 2604 36.
1123 2577 1159 2604 de
1180 2578 1280 2610 causa]
1302 2577 1391 2605 cod.:
1410 2558 1464 2604 dett,

590 2662 643 2702 37.
672 2662 725 2703 Cf.
750 2662 853 2692 Arist.
878 2662 953 2692 Nat.
973 2661 1076 2692 Ausc.
1090 2659 1174 2692 V16
1195 2661 1256 2704 (9),
1275 2660 1295 2692 6
1322 2660 1405 2702 (Ed.
1425 2661 1509 2692 Par.
1530 2659 1566 2691 II
1585 2661 1671 2698 326,
1692 2661 1732 2691 21
1749 2660 1831 2701 ss.):

520 2705 574 2738 Οὐ
600 2704 712 2748 μόνον
736 2705 775 2738 δὲ
801 2705 842 2738 τὸ
868 2705 1088 2750 μεταβάλλον
1112 2704 1246 2749 ἀνάγκη
1271 2704 1569 2749 μεταβεβληκέναι
1594 2704 1679 2737 ἀλλὰ
1704 2703 1764 2737 καὶ
1791 2705 1830 2738 τὸ

519 2751 780 2796 μεταβεβληκὸς
811 2751 947 2794 ἀνάγκη
979 2751 1210 2795 μεταβάλλειν
1243 2751 1437 2795 πρότερον·
1477 2751 1575 2784 ἅπαν
1610 2750 1676 2794 γὰρ
1714 2752 1752 2784 τὸ
1793 2750 1830 2782 ἔκ

520 2809 616 2835 τινος
643 2797 693 2835 εἴς
719 2810 752 2830 τιΥ
777 2798 1038 2842 μεταβεβληκὸς
1063 2796 1101 2831 ἐν
1125 2797 1240 2841 χρόνῳ
1267 2797 1534 2841 μεταβέβληκεν.
