2056 3234
211 172 336 210 Quaest.
356 172 395 200 V·
498 174 727 215 Quaestiones
751 175 885 218 logicae
911 182 943 207 et
968 173 1242 218 philosophicae.

268 283 569 319 CORROLARIUM
599 288 841 317 SECUNDUM:
878 284 967 318 Non
999 281 1199 330 sequitur:
1233 281 1364 329 prima
1398 294 1517 318 causa

209 352 291 376 non
335 348 468 388 potest
512 341 651 376 datum
696 340 940 387 productum
985 339 1129 385 facere,
1182 338 1259 375 nisi
1304 347 1518 375 concurrat

211 409 330 434 causa
374 399 563 443 secunda,
617 397 737 445 igitur
781 396 912 445 prima
956 409 1077 433 causa
1120 409 1193 444 pro
1238 395 1517 444 potentissima

212 467 399 492 mensura
447 454 638 492 causandi
681 467 763 491 non
810 462 940 503 potest
984 466 1024 490 se
1068 454 1152 490 sola
1196 453 1442 491 sufficienter
1480 461 1518 490 et

177 512 388 549 §totaliter
410 513 541 550 facere
563 513 624 549 vel
646 525 812 549 causare
841 512 941 548 illud
964 513 1221 559 productum.
1257 513 1517 560 Consequens

210 579 267 606 est
292 579 432 607 contra
455 570 564 619 prius
588 569 715 617 dieta3
748 578 870 618 patet,
902 569 996 618 quia
1019 578 1274 618 assumptum
1298 579 1356 606 est
1378 581 1519 606 verum

209 628 257 664 de
289 629 489 676 producto
522 629 693 665 habente
727 627 767 664 in
799 640 839 664 se
872 635 1006 676 partes
1038 626 1288 673 intrinsecas,
1328 627 1518 663 formales

208 685 269 722 vel
309 685 546 732 materiales,
592 685 677 722 sine
716 685 861 733 quibus
898 697 980 721 non
1018 694 1150 733 potest
1188 685 1229 721 in
1271 685 1357 733 ipsa
1389 685 1519 721 forma

209 741 393 790 existere;
427 756 521 792 ergo
556 743 822 780 corrolarium
854 754 1007 780 verum.

155 815 193 836 ω
266 802 568 837 CORROLARlUM
605 807 814 836 ULTIMUM:
860 800 1039 847 Questio‚
1084 808 1127 836 ut
1169 799 1422 848 proponitur,
1463 808 1520 835 est

208 870 300 895 vera
332 866 407 896 etc.
436 854 443 910 1

282 1027 331 1048 11.
359 1017 397 1048 In
426 1017 586 1060 margine
611 1017 773 1061 inferiori
796 1017 946 1060 legitur.-
972 1017 1163 1059 Dupliciter
1181 1015 1258 1058 (Es),
1282 1022 1378 1048 actus
1402 1026 1519 1048 essen-

208 1063 303 1094 cialis
330 1063 497 1094 divisivus
523 1065 671 1105 generis,
710 1070 743 1095 et
781 1063 1026 1095 constitutivus
1052 1063 1191 1105 speciei,
1228 1062 1363 1094 habens
1395 1073 1432 1094 se
1458 1073 1520 1104 per

209 1119 330 1140 moum
357 1120 461 1151 supra
489 1111 621 1143 stantis.

1344 2861 1382 2894 l7

1725 176 1803 222 257
