2056 3234
133 823 170 843 10

131 1100 166 1132 15

127 1399 168 1419 20

127 1964 168 1995 30

127 2252 166 2283 35

190 188 277 215 CAP.
300 186 378 215 XXI·
514 191 574 222 DE
601 191 723 222 ENTE
750 191 1170 224 PREDICAMENTALI.

189 299 327 334 eadem
358 297 440 333 dies
473 305 509 332 et
543 297 648 333 idem
682 297 832 333 instans
866 297 1099 343 formaliter,
1135 299 1227 346 quia
1251 299 1381 335 omnis
1405 300 1492 336 talis

188 354 386 390 revolucio
426 354 526 390 foret
566 355 639 390 hoc
679 354 805 390 celum
847 355 992 391 revolvi
1025 355 1064 391 in
1097 355 1173 392 isto
1205 356 1304 402 situ;
1349 366 1385 393 et
1419 358 1493 393 hoc

187 411 348 457 sufficit,
372 420 413 447 ut
435 411 594 458 dicitur,
618 413 668 447 ad
690 411 884 448 unitatem
908 412 1190 449 indivisibilem
1215 415 1492 451 revolucionis.

189 472 288 507 Cum
324 482 417 516 ergo
451 470 526 505 hoc
558 469 606 505 sit
638 469 898 517 impossibile,
932 470 1184 518 relinquitur,
1218 473 1325 519 quod
1355 474 1403 508 ad
1436 472 1494 508 in—

188 526 507 563 dividuacionem
533 527 819 574 cuiuscumque
843 536 974 564 motus
993 528 1209 576 requiritur
1225 529 1494 566 individuacio

187 584 380 632 temporis
424 584 557 631 primo
604 585 885 631 mensurantis,
930 585 997 630 ita,
1045 587 1151 634 quod
1190 586 1376 622 ultimum
1416 587 1494 623 sin-

187 643 323 690 gulare
368 641 512 689 speciei
558 642 934 678 circumvolucionis
974 643 1023 679 sit
1056 645 1132 680 hoc
1165 644 1494 681 circumvolubile

187 713 257 747 per
290 701 364 735 hoc
397 708 555 746 tempus
588 699 628 735 in
660 699 736 735 isto
769 699 846 736 situ
880 700 1152 738 circumvolvi.

245 760 299 793 Ex
337 769 416 805 quo
463 766 570 804 patet
615 757 908 805 consequencia
953 758 1096 806 prima.
1143 761 1243 795 Nam
1285 759 1316 795 si
1363 769 1494 796 motus

188 815 336 851 horalis
368 824 501 862 posset
535 814 777 862 procelerari
812 828 881 863 per
914 817 1012 852 duas
1046 818 1178 862 horas,
1225 826 1320 853 tunc
1360 827 1494 865 posset

188 874 330 909 habere
364 873 471 908 aliud
504 881 661 920 tempus
694 874 890 920 adequate
925 887 1173 920 mensurans,
1215 883 1252 910 et
1291 887 1361 922 per
1403 888 1495 911 con-

185 943 353 979 sequens
397 930 550 965 nullum
602 939 759 978 tempus
811 932 1007 979 adequate
1062 944 1297 968 mensurans
1346 941 1382 969 et
1426 946 1495 981 per

185 1000 433 1035 consequens
463 988 617 1023 nullum
650 997 808 1036 tempus
841 990 1037 1037 adequate
1069 989 1287 1038 requiritur
1319 992 1369 1026 ad
1392 985 1496 1027 hunc

187 1054 353 1090 motum,
398 1058 491 1092 ymo
530 1046 648 1093 plane
687 1046 880 1093 sequitur,
927 1049 1034 1094 quod
1079 1047 1153 1083 iste
1194 1057 1326 1084 motus
1365 1057 1496 1096 potest

185 1103 476 1151 ydemptificari
511 1102 673 1139 cuilibet
711 1116 779 1139 sue
818 1104 922 1152 parti
956 1105 1235 1152 quantitative,
1269 1106 1362 1154 quia
1395 1107 1495 1142 foret

185 1161 289 1197 idem
326 1169 456 1196 motus
489 1160 529 1196 in
561 1173 742 1207 numero,
782 1162 883 1198 sicut
916 1161 1022 1198 idem
1059 1162 1205 1199 mobile
1238 1176 1308 1211 per
1340 1164 1493 1200 nullam

187 1217 443 1255 medietatem
477 1218 594 1254 huius
633 1220 729 1255 hore
767 1219 1029 1267 pertransiret
1067 1222 1264 1268 adequate
1298 1222 1373 1257 hoc
1407 1234 1495 1269 spa—

185 1276 312 1321 cium;
346 1277 414 1312 sed
452 1275 508 1312 sic
548 1285 679 1323 potest
717 1276 789 1313 iste
828 1277 961 1313 totalis
1002 1287 1135 1314 motus
1168 1279 1332 1324 tardari,
1366 1288 1409 1315 ut
1442 1279 1496 1315 ita

186 1334 273 1378 fiat;
307 1346 400 1381 ergo
434 1334 628 1370 medietas
660 1333 766 1370 illius
799 1344 930 1371 motus
964 1345 1094 1383 potest
1128 1349 1212 1373 esse
1244 1336 1318 1372 iste
1348 1346 1493 1373 motus.

184 1393 232 1427 Et
264 1391 369 1427 idem
404 1400 460 1427 est
493 1400 775 1439 argumentum
811 1394 858 1429 de
891 1393 1068 1441 qualibet
1092 1403 1205 1442 parte
1229 1394 1495 1442 quantitativa

184 1448 407 1485 successivi.

242 1508 284 1543 In
317 1506 547 1555 oppositum
582 1506 656 1543 sic:
689 1516 848 1555 tempus
881 1517 1012 1556 potest
1036 1509 1258 1545 successive
1282 1509 1493 1557 adquirere

185 1564 257 1600 sibi
302 1574 456 1612 partem
502 1574 591 1612 post
636 1574 788 1612 partem
836 1567 884 1601 de
923 1566 1147 1614 quantitate
1192 1567 1491 1603 denominante.

184 1624 289 1670 Ergo
322 1631 480 1670 tempus
513 1631 645 1670 potest
677 1622 880 1668 maiorm-i,
917 1633 953 1659 et
986 1623 1185 1671 peridem
1211 1633 1342 1672 potest
1367 1625 1493 1662 mino-

128 1686 142 1698 “
185 1680 264 1716 rari
283 1693 352 1728 per
372 1680 698 1728 deperdicionem
718 1681 984 1717 successivam
1005 1681 1200 1729 parcium.
1227 1684 1491 1730 Assumptum

185 1747 294 1785 patet
341 1750 385 1774 ex
432 1739 520 1784 hoc,
566 1740 674 1786 quod
721 1747 880 1786 tempus
928 1748 1060 1787 potest
1109 1740 1298 1776 continue
1346 1741 1492 1777 habere

185 1805 332 1843 partes,
377 1795 521 1843 quibus
566 1804 732 1843 perante
779 1796 921 1841 caruit,
967 1810 1059 1844 ergo
1104 1806 1237 1845 potest
1281 1797 1493 1846 adquirere

184 1852 290 1898 illas;
337 1866 382 1889 eo
427 1854 514 1901 ipso
560 1854 664 1890 enim
705 1855 812 1902 quod
858 1854 1010 1902 aliquid
1049 1856 1168 1891 habet
1208 1855 1374 1903 aliquid,
1414 1869 1493 1904 quo

183 1911 292 1958 prius
325 1911 466 1957 caruit,
501 1921 557 1947 est
590 1911 719 1959 ipsum
755 1912 1000 1960 adquisitum
1036 1913 1211 1951 habenti.
1256 1913 1368 1950 Sicut
1400 1926 1493 1961 ergo

183 1968 404 2019 subiectum
424 1969 601 2017 adquirit
620 1969 693 2005 sibi
713 1970 934 2007 successive
953 1970 1233 2018 antiquitatem
1254 1972 1313 2007 vel
1337 1971 1491 2008 senium

184 2039 227 2061 ex
259 2026 492 2063 adiacencia
525 2026 734 2075 temporis,
768 2027 823 2064 ita
857 2027 1013 2064 videtur
1047 2028 1129 2064 dies
1162 2028 1383 2065 successive
1408 2028 1494 2065 fieri

184 2083 389 2131 antiquior
427 2085 488 2120 vel
529 2084 769 2131 diuturnior,
816 2094 857 2121 ut
897 2085 1052 2122 diucius
1092 2087 1275 2131 duraret3
1321 2095 1358 2122 et
1404 2099 1494 2123 cum

184 2140 249 2177 illa
284 2141 525 2178 diuturnitas
559 2143 608 2178 sit
641 2143 857 2191 quantitas,
891 2144 1084 2191 sequitur,
1119 2146 1226 2191 quod
1260 2144 1495 2192 pffroporcio-

184 2198 329 2235 naliter
352 2199 401 2235 sit
426 2199 570 2245 maior,
604 2209 646 2236 ut
670 2200 720 2236 sit
744 2200 984 2246 diuturnior,
1021 2201 1114 2250 quia
1138 2201 1316 2250 aliquam
1341 2201 1494 2249 magni-

184 2256 362 2293 tudinem
402 2270 484 2293 non
524 2259 652 2294 habet.
700 2257 765 2294 Sic
804 2258 910 2294 enim
957 2268 1073 2295 sonat
1117 2259 1274 2307 wlgaris
1320 2260 1493 2308 loquela,

183 2316 289 2361 quod
329 2324 389 2350 est
426 2314 578 2351 iuvenis
619 2315 701 2351 dies
736 2325 773 2352 et
805 2316 1005 2364 scriptura
1039 2316 1134 2353 dicit
1167 2318 1327 2353 Psalmo
1353 2346 1495 2353 .....

184 2373 291 2419 quod
325 2372 407 2408 dies
448 2382 538 2409 sunt
577 2372 731 2421 antiqui
771 2382 807 2409 et
846 2374 939 2410 anni
979 2374 1118 2420 eterni,
1159 2383 1196 2411 et
1236 2374 1370 2410 multis
1409 2374 1496 2410 aliis

182 2428 281 2465 locis
314 2429 511 2477 scripture
545 2440 602 2466 est
634 2430 777 2466 similis
810 2431 969 2468 locucio
1004 2441 1077 2468 etc.

252 2628 291 2647 10.
309 2620 383 2648 Cod.
395 2631 404 2648 .·
424 2622 582 2655 procelari.
643 2621 689 2650 36.
705 2622 777 2650 Post
792 2623 914 2650 Psalmo
935 2623 1045 2651 lacuna
1068 2623 1175 2659 Sfere
1194 2624 1369 2652 litterarum
1383 2626 1413 2653 in
1430 2627 1495 2653 cod.

253 2737 305 2770 36.
333 2739 387 2770 Ps.
419 2739 474 2776 76,
503 2742 541 2771 6:
570 2739 734 2781 Cogitavi
761 2741 835 2773 dies
861 2742 1041 2784 antiquos:
1069 2746 1102 2774 et
1127 2752 1240 2774 annos
1266 2748 1433 2775 aeternos
1461 2744 1494 2776 in

180 2788 296 2826 mente
322 2783 436 2816 habui.

1702 197 1772 222 201

1575 768 1670 795 Proof
1689 768 1726 803 by

1572 802 1723 837 example.

1557 1516 1737 1551 Objection:

1514 1551 1604 1578 Time
1625 1559 1695 1586 may
1714 1552 1778 1590 lose

1535 1590 1620 1621 parts
1640 1594 1676 1613 or
1695 1594 1766 1621 gam

1601 1621 1695 1647 them.

1516 1654 1671 1682 Evidence
1692 1655 1773 1683 from

1560 1689 1731 1725 Scripture.
