<?xml version="1.0" encoding="UTF-8"?>
<!DOCTYPE html PUBLIC "-//W3C//DTD XHTML 1.0 Transitional//EN"
    "http://www.w3.org/TR/xhtml1/DTD/xhtml1-transitional.dtd">
<html xmlns="http://www.w3.org/1999/xhtml" xml:lang="en" lang="en">
 <head>
  <title>
</title>
<meta http-equiv="Content-Type" content="text/html;charset=utf-8" />
  <meta name='ocr-system' content='tesseract 3.04.00' />
  <meta name='ocr-capabilities' content='ocr_page ocr_carea ocr_par ocr_line ocrx_word'/>
</head>
<body>
  <div class='ocr_page' id='page_1' title='image "./deentepraedicame00wycl_0301.png"; bbox 0 0 2056 3234; ppageno 0'>
   <div class='ocr_carea' id='block_1_1' title="bbox 212 172 1242 216">
    <p class='ocr_par' dir='ltr' id='par_1_1' title="bbox 212 172 1242 216">
     <span class='ocr_line' id='line_1_1' title="bbox 212 172 1242 216; baseline -0.003 -8"><span class='ocrx_word' id='word_1_1' title='bbox 212 172 434 208; x_wconf 67' lang='lat' dir='ltr'>Quaest-VIH-</span> <span class='ocrx_word' id='word_1_2' title='bbox 497 175 726 214; x_wconf 89' lang='lat' dir='ltr'>Quaestiones</span> <span class='ocrx_word' id='word_1_3' title='bbox 752 174 886 216; x_wconf 82' lang='lat' dir='ltr'>logicae</span> <span class='ocrx_word' id='word_1_4' title='bbox 912 181 945 206; x_wconf 90' lang='lat' dir='ltr'>et</span> <span class='ocrx_word' id='word_1_5' title='bbox 970 174 1242 216; x_wconf 78' lang='lat' dir='ltr'>philosophicae.</span> 
     </span>
    </p>
   </div>
   <div class='ocr_carea' id='block_1_2' title="bbox 180 279 1524 675">
    <p class='ocr_par' dir='ltr' id='par_1_2' title="bbox 180 279 1524 548">
     <span class='ocr_line' id='line_1_2' title="bbox 212 279 1521 329; baseline -0.002 -11"><span class='ocrx_word' id='word_1_6' title='bbox 212 290 249 318; x_wconf 90' lang='lat' dir='ltr'>et</span> <span class='ocrx_word' id='word_1_7' title='bbox 306 281 525 329; x_wconf 83' lang='lat' dir='ltr'>singulares</span> <span class='ocrx_word' id='word_1_8' title='bbox 582 280 871 317; x_wconf 82' lang='lat' dir='ltr'>substanciales</span> <span class='ocrx_word' id='word_1_9' title='bbox 932 289 969 316; x_wconf 88' lang='lat' dir='ltr'>et</span> <span class='ocrx_word' id='word_1_10' title='bbox 1022 280 1292 317; x_wconf 85' lang='lat' dir='ltr'>accidentales</span> <span class='ocrx_word' id='word_1_11' title='bbox 1346 279 1521 316; x_wconf 84' lang='lat' dir='ltr'>mirabili</span> 
     </span>
     <span class='ocr_line' id='line_1_3' title="bbox 211 337 1522 386; baseline -0.002 -11"><span class='ocrx_word' id='word_1_12' title='bbox 211 338 444 375; x_wconf 80' lang='lat' dir='ltr'>subtilitate.</span> <span class='ocrx_word' id='word_1_13' title='bbox 490 340 588 374; x_wconf 83' lang='lat' dir='ltr'>Item</span> <span class='ocrx_word' id='word_1_14' title='bbox 628 340 800 374; x_wconf 87' lang='lat' dir='ltr'>mundus</span> <span class='ocrx_word' id='word_1_15' title='bbox 840 338 1061 386; x_wconf 86' lang='lat' dir='ltr'>architipus</span> <span class='ocrx_word' id='word_1_16' title='bbox 1098 346 1267 374; x_wconf 89' lang='lat' dir='ltr'>vocatur</span> <span class='ocrx_word' id='word_1_17' title='bbox 1306 337 1522 373; x_wconf 88' lang='lat' dir='ltr'>multitudo</span> 
     </span>
     <span class='ocr_line' id='line_1_4' title="bbox 211 395 1522 443; baseline -0.001 -11"><span class='ocrx_word' id='word_1_18' title='bbox 211 396 393 433; x_wconf 87' lang='lat' dir='ltr'>omnium</span> <span class='ocrx_word' id='word_1_19' title='bbox 418 395 628 432; x_wconf 87' lang='lat' dir='ltr'>racionum</span> <span class='ocrx_word' id='word_1_20' title='bbox 652 395 852 443; x_wconf 88' lang='lat' dir='ltr'>ydealium</span> <span class='ocrx_word' id='word_1_21' title='bbox 888 396 928 432; x_wconf 88' lang='lat' dir='ltr'>in</span> <span class='ocrx_word' id='word_1_22' title='bbox 961 404 1094 431; x_wconf 87' lang='lat' dir='ltr'>mente</span> <span class='ocrx_word' id='word_1_23' title='bbox 1118 395 1266 441; x_wconf 85' lang='lat' dir='ltr'>divina,</span> <span class='ocrx_word' id='word_1_24' title='bbox 1301 396 1522 431; x_wconf 88' lang='lat' dir='ltr'>secundum</span> 
     </span>
     <span class='ocr_line' id='line_1_5' title="bbox 212 452 1524 503; baseline -0.001 -13"><span class='ocrx_word' id='word_1_25' title='bbox 212 467 311 503; x_wconf 88' lang='lat' dir='ltr'>quas</span> <span class='ocrx_word' id='word_1_26' title='bbox 344 453 526 490; x_wconf 83' lang='lat' dir='ltr'>raciones</span> <span class='ocrx_word' id='word_1_27' title='bbox 556 456 661 490; x_wconf 91' lang='lat' dir='ltr'>Deus</span> <span class='ocrx_word' id='word_1_28' title='bbox 695 453 878 490; x_wconf 87' lang='lat' dir='ltr'>omnium</span> <span class='ocrx_word' id='word_1_29' title='bbox 911 453 1144 490; x_wconf 88' lang='lat' dir='ltr'>formalium</span> <span class='ocrx_word' id='word_1_30' title='bbox 1179 452 1325 489; x_wconf 91' lang='lat' dir='ltr'>dicitur</span> <span class='ocrx_word' id='word_1_31' title='bbox 1357 452 1524 489; x_wconf 87' lang='lat' dir='ltr'>factivus</span> 
     </span>
     <span class='ocr_line' id='line_1_6' title="bbox 180 511 530 548; baseline -0.003 0"><span class='ocrx_word' id='word_1_32' title='bbox 180 516 250 548; x_wconf 82' lang='grc'>561</span> <span class='ocrx_word' id='word_1_33' title='bbox 282 511 530 548; x_wconf 86' lang='lat' dir='ltr'>formativus.</span> 
     </span>
    </p>

    <p class='ocr_par' dir='ltr' id='par_1_3' title="bbox 211 567 1524 675">
     <span class='ocr_line' id='line_1_7' title="bbox 269 567 1524 616; baseline -0.001 -11"><span class='ocrx_word' id='word_1_34' title='bbox 269 571 392 606; x_wconf 87' lang='lat' dir='ltr'>Noto:</span> <span class='ocrx_word' id='word_1_35' title='bbox 439 568 594 605; x_wconf 88' lang='lat' dir='ltr'>creacio</span> <span class='ocrx_word' id='word_1_36' title='bbox 642 568 799 616; x_wconf 87' lang='lat' dir='ltr'>passiva</span> <span class='ocrx_word' id='word_1_37' title='bbox 843 567 1051 616; x_wconf 83' lang='lat' dir='ltr'><strong>potissime</strong></span> <span class='ocrx_word' id='word_1_38' title='bbox 1095 577 1261 605; x_wconf 88' lang='lat' dir='ltr'>vocatur</span> <span class='ocrx_word' id='word_1_39' title='bbox 1305 568 1524 616; x_wconf 89' lang='lat' dir='ltr'>produccio</span> 
     </span>
     <span class='ocr_line' id='line_1_8' title="bbox 211 625 1523 675; baseline -0.002 -12"><span class='ocrx_word' id='word_1_40' title='bbox 211 626 399 664; x_wconf 86' lang='lat' dir='ltr'>factibilis</span> <span class='ocrx_word' id='word_1_41' title='bbox 438 627 485 663; x_wconf 92' lang='lat' dir='ltr'>de</span> <span class='ocrx_word' id='word_1_42' title='bbox 518 626 650 675; x_wconf 85' lang='lat' dir='ltr'>primo</span> <span class='ocrx_word' id='word_1_43' title='bbox 684 638 768 662; x_wconf 90' lang='lat' dir='ltr'>esse</span> <span class='ocrx_word' id='word_1_44' title='bbox 800 625 1041 674; x_wconf 83' lang='lat' dir='ltr'>intelligibili</span> <span class='ocrx_word' id='word_1_45' title='bbox 1075 626 1115 662; x_wconf 87' lang='lat' dir='ltr'>in</span> <span class='ocrx_word' id='word_1_46' title='bbox 1149 634 1282 662; x_wconf 90' lang='lat' dir='ltr'>mente</span> <span class='ocrx_word' id='word_1_47' title='bbox 1315 625 1450 663; x_wconf 87' lang='lat' dir='ltr'>divina</span> <span class='ocrx_word' id='word_1_48' title='bbox 1483 625 1523 661; x_wconf 90' lang='lat' dir='ltr'>in</span> 
     </span>
    </p>
   </div>
   <div class='ocr_carea' id='block_1_3' title="bbox 1541 575 1814 683">
    <p class='ocr_par' dir='ltr' id='par_1_4' title="bbox 1541 575 1814 683">
     <span class='ocr_line' id='line_1_9' title="bbox 1549 575 1803 617; baseline 0.004 -14"><span class='ocrx_word' id='word_1_49' title='bbox 1549 575 1692 615; x_wconf 78' lang='lat' dir='ltr'>Creation</span> <span class='ocrx_word' id='word_1_50' title='bbox 1713 576 1743 603; x_wconf 91' lang='lat' dir='ltr'>in</span> <span class='ocrx_word' id='word_1_51' title='bbox 1764 577 1803 617; x_wconf 80' lang='lat' dir='ltr'>its</span> 
     </span>
     <span class='ocr_line' id='line_1_10' title="bbox 1541 619 1814 646; baseline 0.011 -9"><span class='ocrx_word' id='word_1_52' title='bbox 1541 619 1662 646; x_wconf 81' lang='lat' dir='ltr'>pass1ve</span> <span class='ocrx_word' id='word_1_53' title='bbox 1680 621 1769 640; x_wconf 86' lang='lat' dir='ltr'>sense</span> <span class='ocrx_word' id='word_1_54' title='bbox 1789 621 1814 641; x_wconf 88' lang='grc'>15</span> 
     </span>
     <span class='ocr_line' id='line_1_11' title="bbox 1571 646 1786 683; baseline 0.005 -10"><span class='ocrx_word' id='word_1_55' title='bbox 1571 646 1620 673; x_wconf 84' lang='lat' dir='ltr'>the</span> <span class='ocrx_word' id='word_1_56' title='bbox 1643 647 1786 683; x_wconf 75' lang='lat' dir='ltr'>bringing</span> 
     </span>
    </p>
   </div>
   <div class='ocr_carea' id='block_1_4' title="bbox 211 681 1817 732">
    <p class='ocr_par' dir='ltr' id='par_1_5' title="bbox 211 681 1817 732">
     <span class='ocr_line' id='line_1_12' title="bbox 211 681 1817 732; baseline -0.001 -11"><span class='ocrx_word' id='word_1_57' title='bbox 211 697 324 721; x_wconf 88' lang='lat' dir='ltr'>suam</span> <span class='ocrx_word' id='word_1_58' title='bbox 371 683 639 721; x_wconf 83' lang='lat' dir='ltr'>existenciam.</span> <span class='ocrx_word' id='word_1_59' title='bbox 700 686 755 719; x_wconf 83' lang='lat' dir='ltr'>Ex</span> <span class='ocrx_word' id='word_1_60' title='bbox 799 697 878 732; x_wconf 92' lang='lat' dir='ltr'>quo</span> <span class='ocrx_word' id='word_1_61' title='bbox 929 692 1053 732; x_wconf 77' lang='lat' dir='ltr'>patet,</span> <span class='ocrx_word' id='word_1_62' title='bbox 1104 685 1226 732; x_wconf 88' lang='lat' dir='ltr'>quod,</span> <span class='ocrx_word' id='word_1_63' title='bbox 1272 683 1373 719; x_wconf 90' lang='lat' dir='ltr'>sicut</span> <span class='ocrx_word' id='word_1_64' title='bbox 1417 681 1621 719; x_wconf 55' lang='grc' dir='ltr'>501115ῗ0Γῖιῖ</span> <span class='ocrx_word' id='word_1_65' title='bbox 1643 682 1817 719; x_wconf 69' lang='lat' dir='ltr'>ofatliing</span> 
     </span>
    </p>
   </div>
   <div class='ocr_carea' id='block_1_5' title="bbox 156 740 1528 2524">
    <p class='ocr_par' dir='ltr' id='par_1_6' title="bbox 156 740 1528 2524">
     <span class='ocr_line' id='line_1_13' title="bbox 212 740 1525 790; baseline -0.001 -12"><span class='ocrx_word' id='word_1_66' title='bbox 212 744 317 779; x_wconf 92' lang='lat' dir='ltr'>Deus</span> <span class='ocrx_word' id='word_1_67' title='bbox 362 751 493 790; x_wconf 91' lang='lat' dir='ltr'>potest</span> <span class='ocrx_word' id='word_1_68' title='bbox 533 754 617 778; x_wconf 89' lang='lat' dir='ltr'>esse</span> <span class='ocrx_word' id='word_1_69' title='bbox 661 741 837 789; x_wconf 86' lang='lat' dir='ltr'>primum</span> <span class='ocrx_word' id='word_1_70' title='bbox 883 743 1110 789; x_wconf 86' lang='lat' dir='ltr'>producens</span> <span class='ocrx_word' id='word_1_71' title='bbox 1149 741 1335 778; x_wconf 87' lang='lat' dir='ltr'>factibilis</span> <span class='ocrx_word' id='word_1_72' title='bbox 1378 741 1420 777; x_wconf 89' lang='lat' dir='ltr'>in</span> <span class='ocrx_word' id='word_1_73' title='bbox 1464 740 1525 777; x_wconf 91' lang='lat' dir='ltr'>sui</span> 
     </span>
     <span class='ocr_line' id='line_1_14' title="bbox 158 798 1525 847; baseline -0.001 -11"><span class='ocrx_word' id='word_1_74' title='bbox 158 800 467 841; x_wconf 72' lang='lat' dir='ltr'>10existenciam</span> <span class='ocrx_word' id='word_1_75' title='bbox 502 801 549 835; x_wconf 92' lang='lat' dir='ltr'>de</span> <span class='ocrx_word' id='word_1_76' title='bbox 582 799 712 847; x_wconf 86' lang='lat' dir='ltr'>primo</span> <span class='ocrx_word' id='word_1_77' title='bbox 746 799 807 835; x_wconf 90' lang='lat' dir='ltr'>sui</span> <span class='ocrx_word' id='word_1_78' title='bbox 840 812 936 845; x_wconf 85' lang='lat' dir='ltr'>esse,</span> <span class='ocrx_word' id='word_1_79' title='bbox 971 798 1132 845; x_wconf 82' lang='lat' dir='ltr'>scilicet,</span> <span class='ocrx_word' id='word_1_80' title='bbox 1166 798 1423 847; x_wconf 80' lang='lat' dir='ltr'>intelligibili,</span> <span class='ocrx_word' id='word_1_81' title='bbox 1469 798 1525 835; x_wconf 88' lang='lat' dir='ltr'>ita</span> 
     </span>
     <span class='ocr_line' id='line_1_15' title="bbox 211 856 1525 906; baseline -0.002 -12"><span class='ocrx_word' id='word_1_82' title='bbox 211 858 318 894; x_wconf 91' lang='lat' dir='ltr'>solus</span> <span class='ocrx_word' id='word_1_83' title='bbox 352 866 484 906; x_wconf 89' lang='lat' dir='ltr'>potest</span> <span class='ocrx_word' id='word_1_84' title='bbox 517 869 666 893; x_wconf 87' lang='lat' dir='ltr'>creare.</span> <span class='ocrx_word' id='word_1_85' title='bbox 702 857 953 893; x_wconf 80' lang='lat' dir='ltr'>Generaliter</span> <span class='ocrx_word' id='word_1_86' title='bbox 984 866 1119 893; x_wconf 88' lang='lat' dir='ltr'>tamen</span> <span class='ocrx_word' id='word_1_87' title='bbox 1158 856 1380 905; x_wconf 89' lang='lat' dir='ltr'>produccio</span> <span class='ocrx_word' id='word_1_88' title='bbox 1413 856 1525 893; x_wconf 88' lang='lat' dir='ltr'>facti-</span> 
     </span>
     <span class='ocr_line' id='line_1_16' title="bbox 211 913 1525 952; baseline -0.001 -1"><span class='ocrx_word' id='word_1_89' title='bbox 211 915 300 952; x_wconf 91' lang='lat' dir='ltr'>bilis</span> <span class='ocrx_word' id='word_1_90' title='bbox 344 915 385 951; x_wconf 90' lang='lat' dir='ltr'>in</span> <span class='ocrx_word' id='word_1_91' title='bbox 427 914 487 952; x_wconf 89' lang='lat' dir='ltr'>sui</span> <span class='ocrx_word' id='word_1_92' title='bbox 533 914 746 951; x_wconf 84' lang='lat' dir='ltr'>existencia</span> <span class='ocrx_word' id='word_1_93' title='bbox 798 914 877 952; x_wconf 89' lang='lat' dir='ltr'>sive</span> <span class='ocrx_word' id='word_1_94' title='bbox 931 914 1104 951; x_wconf 87' lang='lat' dir='ltr'>essencie</span> <span class='ocrx_word' id='word_1_95' title='bbox 1155 914 1392 951; x_wconf 87' lang='lat' dir='ltr'>universalis</span> <span class='ocrx_word' id='word_1_96' title='bbox 1445 913 1525 950; x_wconf 92' lang='lat' dir='ltr'>sive</span> 
     </span>
     <span class='ocr_line' id='line_1_17' title="bbox 211 971 1524 1021; baseline -0.001 -12"><span class='ocrx_word' id='word_1_97' title='bbox 211 972 422 1021; x_wconf 87' lang='lat' dir='ltr'>singularis</span> <span class='ocrx_word' id='word_1_98' title='bbox 444 986 525 1009; x_wconf 88' lang='lat' dir='ltr'>non</span> <span class='ocrx_word' id='word_1_99' title='bbox 548 985 591 1009; x_wconf 86' lang='lat' dir='ltr'>ex</span> <span class='ocrx_word' id='word_1_100' title='bbox 614 972 749 1021; x_wconf 87' lang='lat' dir='ltr'>aliqua</span> <span class='ocrx_word' id='word_1_101' title='bbox 779 972 957 1009; x_wconf 87' lang='lat' dir='ltr'>essencia</span> <span class='ocrx_word' id='word_1_102' title='bbox 987 971 1204 1009; x_wconf 90' lang='lat' dir='ltr'>subiective</span> <span class='ocrx_word' id='word_1_103' title='bbox 1227 972 1524 1021; x_wconf 86' lang='lat' dir='ltr'>presupposita‚</span> 
     </span>
     <span class='ocr_line' id='line_1_18' title="bbox 210 1029 1525 1078; baseline -0.001 -11"><span class='ocrx_word' id='word_1_104' title='bbox 210 1039 378 1068; x_wconf 87' lang='lat' dir='ltr'>vocatur</span> <span class='ocrx_word' id='word_1_105' title='bbox 395 1031 554 1067; x_wconf 90' lang='lat' dir='ltr'>creacio</span> <span class='ocrx_word' id='word_1_106' title='bbox 578 1032 629 1067; x_wconf 89' lang='lat' dir='ltr'>ad</span> <span class='ocrx_word' id='word_1_107' title='bbox 645 1030 920 1067; x_wconf 85' lang='lat' dir='ltr'>differenciam</span> <span class='ocrx_word' id='word_1_108' title='bbox 944 1030 1222 1078; x_wconf 85' lang='lat' dir='ltr'>generacionis</span> <span class='ocrx_word' id='word_1_109' title='bbox 1245 1029 1525 1067; x_wconf 89' lang='lat' dir='ltr'>substancialis</span> 
     </span>
     <span class='ocr_line' id='line_1_19' title="bbox 158 1087 1525 1136; baseline -0.001 -11"><span class='ocrx_word' id='word_1_110' title='bbox 158 1089 268 1130; x_wconf 61' lang='grc'>15161</span> <span class='ocrx_word' id='word_1_111' title='bbox 300 1088 496 1125; x_wconf 86' lang='lat' dir='ltr'>naturalis</span> <span class='ocrx_word' id='word_1_112' title='bbox 529 1088 753 1136; x_wconf 86' lang='lat' dir='ltr'>composite</span> <span class='ocrx_word' id='word_1_113' title='bbox 786 1097 823 1124; x_wconf 93' lang='lat' dir='ltr'>et</span> <span class='ocrx_word' id='word_1_114' title='bbox 856 1090 906 1124; x_wconf 89' lang='lat' dir='ltr'>ad</span> <span class='ocrx_word' id='word_1_115' title='bbox 939 1088 1216 1124; x_wconf 87' lang='lat' dir='ltr'>differenciam</span> <span class='ocrx_word' id='word_1_116' title='bbox 1249 1087 1525 1136; x_wconf 86' lang='lat' dir='ltr'>generacionis</span> 
     </span>
     <span class='ocr_line' id='line_1_20' title="bbox 212 1146 1526 1195; baseline 0 -13"><span class='ocrx_word' id='word_1_117' title='bbox 212 1148 432 1183; x_wconf 89' lang='lat' dir='ltr'>secundum</span> <span class='ocrx_word' id='word_1_118' title='bbox 479 1146 575 1195; x_wconf 91' lang='lat' dir='ltr'>quid</span> <span class='ocrx_word' id='word_1_119' title='bbox 621 1146 677 1182; x_wconf 91' lang='lat' dir='ltr'>rei</span> <span class='ocrx_word' id='word_1_120' title='bbox 727 1146 977 1183; x_wconf 88' lang='lat' dir='ltr'>accidentate</span> <span class='ocrx_word' id='word_1_121' title='bbox 1027 1146 1107 1182; x_wconf 90' lang='lat' dir='ltr'>sive</span> <span class='ocrx_word' id='word_1_122' title='bbox 1154 1146 1393 1192; x_wconf 78' lang='lat' dir='ltr'>accidenti33</span> <span class='ocrx_word' id='word_1_123' title='bbox 1448 1158 1526 1194; x_wconf 87' lang='lat' dir='ltr'>que</span> 
     </span>
     <span class='ocr_line' id='line_1_21' title="bbox 212 1203 1526 1253; baseline -0.001 -12"><span class='ocrx_word' id='word_1_124' title='bbox 212 1204 498 1253; x_wconf 86' lang='lat' dir='ltr'>generaciones</span> <span class='ocrx_word' id='word_1_125' title='bbox 538 1213 844 1252; x_wconf 89' lang='lat' dir='ltr'>presupponunt</span> <span class='ocrx_word' id='word_1_126' title='bbox 884 1204 1104 1240; x_wconf 89' lang='lat' dir='ltr'>essenciam</span> <span class='ocrx_word' id='word_1_127' title='bbox 1144 1204 1361 1241; x_wconf 92' lang='lat' dir='ltr'>subiective</span> <span class='ocrx_word' id='word_1_128' title='bbox 1401 1203 1526 1252; x_wconf 85' lang='lat' dir='ltr'>ipsius</span> 
     </span>
     <span class='ocr_line' id='line_1_22' title="bbox 212 1261 1527 1311; baseline -0.001 -13"><span class='ocrx_word' id='word_1_129' title='bbox 212 1262 448 1311; x_wconf 88' lang='lat' dir='ltr'>simpliciter</span> <span class='ocrx_word' id='word_1_130' title='bbox 469 1262 531 1298; x_wconf 92' lang='lat' dir='ltr'>vel</span> <span class='ocrx_word' id='word_1_131' title='bbox 562 1264 781 1298; x_wconf 88' lang='lat' dir='ltr'>secundum</span> <span class='ocrx_word' id='word_1_132' title='bbox 806 1261 903 1310; x_wconf 91' lang='lat' dir='ltr'>quid</span> <span class='ocrx_word' id='word_1_133' title='bbox 932 1261 1130 1310; x_wconf 86' lang='lat' dir='ltr'>generati;</span> <span class='ocrx_word' id='word_1_134' title='bbox 1165 1275 1295 1311; x_wconf 90' lang='lat' dir='ltr'>neque</span> <span class='ocrx_word' id='word_1_135' title='bbox 1318 1262 1373 1298; x_wconf 93' lang='lat' dir='ltr'>sic</span> <span class='ocrx_word' id='word_1_136' title='bbox 1396 1270 1527 1310; x_wconf 89' lang='lat' dir='ltr'>potest</span> 
     </span>
     <span class='ocr_line' id='line_1_23' title="bbox 213 1319 1526 1367; baseline -0.001 -10"><span class='ocrx_word' id='word_1_137' title='bbox 213 1329 396 1357; x_wconf 86' lang='lat' dir='ltr'>creatura</span> <span class='ocrx_word' id='word_1_138' title='bbox 436 1320 556 1356; x_wconf 86' lang='lat' dir='ltr'>aliam</span> <span class='ocrx_word' id='word_1_139' title='bbox 598 1328 824 1356; x_wconf 86' lang='lat' dir='ltr'>creaturam</span> <span class='ocrx_word' id='word_1_140' title='bbox 864 1321 1101 1367; x_wconf 85' lang='lat' dir='ltr'>producere,</span> <span class='ocrx_word' id='word_1_141' title='bbox 1142 1333 1233 1356; x_wconf 90' lang='lat' dir='ltr'>cum</span> <span class='ocrx_word' id='word_1_142' title='bbox 1271 1321 1383 1356; x_wconf 87' lang='lat' dir='ltr'>nulla</span> <span class='ocrx_word' id='word_1_143' title='bbox 1421 1319 1526 1365; x_wconf 84' lang='lat' dir='ltr'>talis,</span> 
     </span>
     <span class='ocr_line' id='line_1_24' title="bbox 156 1377 1526 1426; baseline -0.001 -11"><span class='ocrx_word' id='word_1_144' title='bbox 156 1397 197 1418; x_wconf 83' lang='lat'>20</span> <span class='ocrx_word' id='word_1_145' title='bbox 212 1380 281 1415; x_wconf 90' lang='lat' dir='ltr'>sed</span> <span class='ocrx_word' id='word_1_146' title='bbox 302 1379 409 1415; x_wconf 84' lang='lat' dir='ltr'>solus</span> <span class='ocrx_word' id='word_1_147' title='bbox 426 1380 531 1414; x_wconf 91' lang='lat' dir='ltr'>Deus</span> <span class='ocrx_word' id='word_1_148' title='bbox 546 1377 672 1425; x_wconf 85' lang='lat' dir='ltr'>possit</span> <span class='ocrx_word' id='word_1_149' title='bbox 690 1390 773 1414; x_wconf 92' lang='lat' dir='ltr'>esse</span> <span class='ocrx_word' id='word_1_150' title='bbox 790 1378 1081 1426; x_wconf 87' lang='lat' dir='ltr'>cuiuscumque</span> <span class='ocrx_word' id='word_1_151' title='bbox 1095 1378 1246 1415; x_wconf 85' lang='lat' dir='ltr'>fontale</span> <span class='ocrx_word' id='word_1_152' title='bbox 1267 1377 1526 1426; x_wconf 88' lang='lat' dir='ltr'>principium.</span> 
     </span>
     <span class='ocr_line' id='line_1_25' title="bbox 213 1435 1528 1484; baseline -0.001 -12"><span class='ocrx_word' id='word_1_153' title='bbox 213 1436 325 1473; x_wconf 88' lang='lat' dir='ltr'>Sicut</span> <span class='ocrx_word' id='word_1_154' title='bbox 370 1449 464 1484; x_wconf 89' lang='lat' dir='ltr'>ergo</span> <span class='ocrx_word' id='word_1_155' title='bbox 509 1444 694 1472; x_wconf 88' lang='lat' dir='ltr'>creatura</span> <span class='ocrx_word' id='word_1_156' title='bbox 733 1436 861 1472; x_wconf 92' lang='lat' dir='ltr'>solum</span> <span class='ocrx_word' id='word_1_157' title='bbox 908 1444 1041 1483; x_wconf 92' lang='lat' dir='ltr'>potest</span> <span class='ocrx_word' id='word_1_158' title='bbox 1085 1448 1168 1473; x_wconf 87' lang='lat' dir='ltr'>esse</span> <span class='ocrx_word' id='word_1_159' title='bbox 1208 1435 1331 1472; x_wconf 84' lang='lat' dir='ltr'>rivale</span> <span class='ocrx_word' id='word_1_160' title='bbox 1371 1444 1408 1472; x_wconf 90' lang='lat' dir='ltr'>et</span> <span class='ocrx_word' id='word_1_161' title='bbox 1447 1448 1528 1472; x_wconf 87' lang='lat' dir='ltr'>non</span> 
     </span>
     <span class='ocr_line' id='line_1_26' title="bbox 212 1493 1527 1542; baseline -0.001 -12"><span class='ocrx_word' id='word_1_162' title='bbox 212 1494 362 1531; x_wconf 89' lang='lat' dir='ltr'>fontale</span> <span class='ocrx_word' id='word_1_163' title='bbox 409 1493 651 1542; x_wconf 86' lang='lat' dir='ltr'>principium</span> <span class='ocrx_word' id='word_1_164' title='bbox 695 1503 890 1541; x_wconf 82' lang='lat' dir='ltr'>creature,</span> <span class='ocrx_word' id='word_1_165' title='bbox 939 1493 995 1530; x_wconf 89' lang='lat' dir='ltr'>ita</span> <span class='ocrx_word' id='word_1_166' title='bbox 1039 1494 1169 1530; x_wconf 91' lang='lat' dir='ltr'>solum</span> <span class='ocrx_word' id='word_1_167' title='bbox 1212 1494 1333 1531; x_wconf 80' lang='lat' dir='ltr'>rivale</span> <span class='ocrx_word' id='word_1_168' title='bbox 1372 1502 1409 1530; x_wconf 87' lang='lat' dir='ltr'>et</span> <span class='ocrx_word' id='word_1_169' title='bbox 1446 1507 1527 1530; x_wconf 88' lang='lat' dir='ltr'>non</span> 
     </span>
     <span class='ocr_line' id='line_1_27' title="bbox 213 1551 1526 1600; baseline -0.001 -12"><span class='ocrx_word' id='word_1_170' title='bbox 213 1552 515 1588; x_wconf 82' lang='lat' dir='ltr'>fundamentale</span> <span class='ocrx_word' id='word_1_171' title='bbox 559 1564 642 1588; x_wconf 89' lang='lat' dir='ltr'>esse</span> <span class='ocrx_word' id='word_1_172' title='bbox 690 1551 764 1588; x_wconf 89' lang='lat' dir='ltr'>sibi</span> <span class='ocrx_word' id='word_1_173' title='bbox 804 1560 936 1599; x_wconf 91' lang='lat' dir='ltr'>potest</span> <span class='ocrx_word' id='word_1_174' title='bbox 968 1551 1157 1588; x_wconf 88' lang='lat' dir='ltr'>tribuere.</span> <span class='ocrx_word' id='word_1_175' title='bbox 1200 1553 1371 1600; x_wconf 83' lang='lat' dir='ltr'>Propter</span> <span class='ocrx_word' id='word_1_176' title='bbox 1404 1553 1526 1600; x_wconf 69' lang='lat' dir='ltr'>quod,</span> 
     </span>
     <span class='ocr_line' id='line_1_28' title="bbox 213 1608 1528 1658; baseline -0.001 -12"><span class='ocrx_word' id='word_1_177' title='bbox 213 1610 245 1646; x_wconf 92' lang='lat' dir='ltr'>si</span> <span class='ocrx_word' id='word_1_178' title='bbox 278 1619 463 1646; x_wconf 87' lang='lat' dir='ltr'>creatura</span> <span class='ocrx_word' id='word_1_179' title='bbox 494 1609 706 1658; x_wconf 85' lang='lat' dir='ltr'>quitquam</span> <span class='ocrx_word' id='word_1_180' title='bbox 738 1610 800 1646; x_wconf 93' lang='lat' dir='ltr'>vel</span> <span class='ocrx_word' id='word_1_181' title='bbox 824 1622 1122 1658; x_wconf 88' lang='lat' dir='ltr'>quemcumque</span> <span class='ocrx_word' id='word_1_182' title='bbox 1156 1611 1320 1646; x_wconf 87' lang='lat' dir='ltr'>modum</span> <span class='ocrx_word' id='word_1_183' title='bbox 1354 1608 1528 1646; x_wconf 88' lang='lat' dir='ltr'>essencie</span> 
     </span>
     <span class='ocr_line' id='line_1_29' title="bbox 157 1667 1527 1716; baseline -0.001 -12"><span class='ocrx_word' id='word_1_184' title='bbox 157 1675 195 1708; x_wconf 77' lang='lat'>25</span> <span class='ocrx_word' id='word_1_185' title='bbox 214 1667 414 1716; x_wconf 85' lang='lat' dir='ltr'>producit,</span> <span class='ocrx_word' id='word_1_186' title='bbox 444 1667 710 1716; x_wconf 87' lang='lat' dir='ltr'>presupponit</span> <span class='ocrx_word' id='word_1_187' title='bbox 738 1669 888 1703; x_wconf 88' lang='lat' dir='ltr'>nudam</span> <span class='ocrx_word' id='word_1_188' title='bbox 919 1667 1138 1704; x_wconf 90' lang='lat' dir='ltr'>essenciam</span> <span class='ocrx_word' id='word_1_189' title='bbox 1161 1668 1268 1704; x_wconf 89' lang='lat' dir='ltr'>velut</span> <span class='ocrx_word' id='word_1_190' title='bbox 1290 1668 1527 1704; x_wconf 89' lang='lat' dir='ltr'>fundamen-</span> 
     </span>
     <span class='ocr_line' id='line_1_30' title="bbox 213 1725 1526 1774; baseline 0 -13"><span class='ocrx_word' id='word_1_191' title='bbox 213 1726 306 1772; x_wconf 85' lang='lat' dir='ltr'>tale,</span> <span class='ocrx_word' id='word_1_192' title='bbox 347 1738 390 1762; x_wconf 85' lang='lat' dir='ltr'>ex</span> <span class='ocrx_word' id='word_1_193' title='bbox 429 1738 509 1773; x_wconf 88' lang='lat' dir='ltr'>quo</span> <span class='ocrx_word' id='word_1_194' title='bbox 550 1738 632 1762; x_wconf 89' lang='lat' dir='ltr'>esse</span> <span class='ocrx_word' id='word_1_195' title='bbox 672 1725 794 1762; x_wconf 85' lang='lat' dir='ltr'>rivale</span> <span class='ocrx_word' id='word_1_196' title='bbox 826 1725 867 1761; x_wconf 85' lang='lat' dir='ltr'>in</span> <span class='ocrx_word' id='word_1_197' title='bbox 901 1734 1084 1762; x_wconf 89' lang='lat' dir='ltr'>creatura</span> <span class='ocrx_word' id='word_1_198' title='bbox 1116 1725 1316 1774; x_wconf 85' lang='lat' dir='ltr'>producit.</span> <span class='ocrx_word' id='word_1_199' title='bbox 1363 1728 1417 1762; x_wconf 87' lang='lat' dir='ltr'>Ex</span> <span class='ocrx_word' id='word_1_200' title='bbox 1450 1725 1526 1761; x_wconf 90' lang='lat' dir='ltr'>isto</span> 
     </span>
     <span class='ocr_line' id='line_1_31' title="bbox 213 1783 1525 1832; baseline 0 -13"><span class='ocrx_word' id='word_1_201' title='bbox 213 1792 336 1831; x_wconf 86' lang='lat' dir='ltr'>patet,</span> <span class='ocrx_word' id='word_1_202' title='bbox 383 1784 492 1831; x_wconf 89' lang='lat' dir='ltr'>quod</span> <span class='ocrx_word' id='word_1_203' title='bbox 537 1792 722 1820; x_wconf 88' lang='lat' dir='ltr'>creatura</span> <span class='ocrx_word' id='word_1_204' title='bbox 765 1796 847 1819; x_wconf 89' lang='lat' dir='ltr'>non</span> <span class='ocrx_word' id='word_1_205' title='bbox 891 1792 1022 1832; x_wconf 87' lang='lat' dir='ltr'>potest</span> <span class='ocrx_word' id='word_1_206' title='bbox 1065 1783 1190 1831; x_wconf 82' lang='lat' dir='ltr'>redigi</span> <span class='ocrx_word' id='word_1_207' title='bbox 1236 1785 1286 1820; x_wconf 91' lang='lat' dir='ltr'>ad</span> <span class='ocrx_word' id='word_1_208' title='bbox 1331 1783 1525 1820; x_wconf 89' lang='lat' dir='ltr'>nichilum</span> 
     </span>
     <span class='ocr_line' id='line_1_32' title="bbox 212 1840 1526 1889; baseline 0 -12"><span class='ocrx_word' id='word_1_209' title='bbox 212 1854 323 1889; x_wconf 86' lang='lat' dir='ltr'>pure,</span> <span class='ocrx_word' id='word_1_210' title='bbox 372 1840 448 1877; x_wconf 87' lang='lat' dir='ltr'>nisi</span> <span class='ocrx_word' id='word_1_211' title='bbox 486 1842 711 1889; x_wconf 81' lang='lat' dir='ltr'>peccand03</span> <span class='ocrx_word' id='word_1_212' title='bbox 759 1854 852 1877; x_wconf 87' lang='lat' dir='ltr'>nam</span> <span class='ocrx_word' id='word_1_213' title='bbox 893 1840 965 1878; x_wconf 89' lang='lat' dir='ltr'>etsi</span> <span class='ocrx_word' id='word_1_214' title='bbox 998 1841 1084 1889; x_wconf 88' lang='lat' dir='ltr'>ipsa</span> <span class='ocrx_word' id='word_1_215' title='bbox 1118 1854 1238 1878; x_wconf 89' lang='lat' dir='ltr'>omne</span> <span class='ocrx_word' id='word_1_216' title='bbox 1271 1854 1354 1878; x_wconf 89' lang='lat' dir='ltr'>esse</span> <span class='ocrx_word' id='word_1_217' title='bbox 1386 1850 1526 1878; x_wconf 85' lang='lat' dir='ltr'>nature</span> 
     </span>
     <span class='ocr_line' id='line_1_33' title="bbox 214 1899 1526 1945; baseline 0 -10"><span class='ocrx_word' id='word_1_218' title='bbox 214 1908 322 1935; x_wconf 84' lang='lat' dir='ltr'>extra</span> <span class='ocrx_word' id='word_1_219' title='bbox 355 1901 483 1935; x_wconf 88' lang='lat' dir='ltr'>Deum</span> <span class='ocrx_word' id='word_1_220' title='bbox 518 1908 690 1945; x_wconf 83' lang='lat' dir='ltr'>exueret,</span> <span class='ocrx_word' id='word_1_221' title='bbox 726 1908 906 1936; x_wconf 85' lang='lat' dir='ltr'>maneret</span> <span class='ocrx_word' id='word_1_222' title='bbox 939 1909 1075 1935; x_wconf 86' lang='lat' dir='ltr'>tamen</span> <span class='ocrx_word' id='word_1_223' title='bbox 1108 1899 1336 1936; x_wconf 90' lang='lat' dir='ltr'>necessario</span> <span class='ocrx_word' id='word_1_224' title='bbox 1368 1899 1409 1936; x_wconf 92' lang='lat' dir='ltr'>in</span> <span class='ocrx_word' id='word_1_225' title='bbox 1443 1911 1526 1936; x_wconf 92' lang='lat' dir='ltr'>esse</span> 
     </span>
     <span class='ocr_line' id='line_1_34' title="bbox 157 1956 1526 2007; baseline 0.001 -15"><span class='ocrx_word' id='word_1_226' title='bbox 157 1966 198 1997; x_wconf 81' lang='lat'>30</span> <span class='ocrx_word' id='word_1_227' title='bbox 215 1956 412 2007; x_wconf 88' lang='lat' dir='ltr'>materiali</span> <span class='ocrx_word' id='word_1_228' title='bbox 447 1958 555 2005; x_wconf 89' lang='lat' dir='ltr'>apud</span> <span class='ocrx_word' id='word_1_229' title='bbox 587 1959 730 2003; x_wconf 85' lang='lat' dir='ltr'>Deum,</span> <span class='ocrx_word' id='word_1_230' title='bbox 765 1959 873 2005; x_wconf 91' lang='lat' dir='ltr'>quod</span> <span class='ocrx_word' id='word_1_231' title='bbox 905 1969 986 1994; x_wconf 91' lang='lat' dir='ltr'>non</span> <span class='ocrx_word' id='word_1_232' title='bbox 1019 1966 1076 1994; x_wconf 88' lang='lat' dir='ltr'>est</span> <span class='ocrx_word' id='word_1_233' title='bbox 1109 1957 1325 2004; x_wconf 87' lang='lat' dir='ltr'>nichilum;</span> <span class='ocrx_word' id='word_1_234' title='bbox 1370 1957 1401 1994; x_wconf 88' lang='lat' dir='ltr'>si</span> <span class='ocrx_word' id='word_1_235' title='bbox 1433 1970 1526 1994; x_wconf 89' lang='lat' dir='ltr'>vero</span> 
     </span>
     <span class='ocr_line' id='line_1_35' title="bbox 213 2014 1526 2063; baseline 0.001 -12"><span class='ocrx_word' id='word_1_236' title='bbox 213 2015 448 2062; x_wconf 83' lang='lat' dir='ltr'>peccaverit,</span> <span class='ocrx_word' id='word_1_237' title='bbox 494 2023 590 2051; x_wconf 89' lang='lat' dir='ltr'>tunc</span> <span class='ocrx_word' id='word_1_238' title='bbox 636 2014 831 2063; x_wconf 87' lang='lat' dir='ltr'>redigitur</span> <span class='ocrx_word' id='word_1_239' title='bbox 875 2017 926 2051; x_wconf 86' lang='lat' dir='ltr'>ad</span> <span class='ocrx_word' id='word_1_240' title='bbox 974 2026 1058 2051; x_wconf 87' lang='lat' dir='ltr'>esse</span> <span class='ocrx_word' id='word_1_241' title='bbox 1106 2016 1146 2051; x_wconf 90' lang='lat' dir='ltr'>in</span> <span class='ocrx_word' id='word_1_242' title='bbox 1190 2024 1371 2063; x_wconf 86' lang='lat' dir='ltr'>peccato,</span> <span class='ocrx_word' id='word_1_243' title='bbox 1418 2016 1526 2063; x_wconf 92' lang='lat' dir='ltr'>quod</span> 
     </span>
     <span class='ocr_line' id='line_1_36' title="bbox 214 2072 641 2120; baseline -0.002 -11"><span class='ocrx_word' id='word_1_244' title='bbox 214 2081 271 2109; x_wconf 91' lang='lat' dir='ltr'>est</span> <span class='ocrx_word' id='word_1_245' title='bbox 303 2085 401 2120; x_wconf 91' lang='lat' dir='ltr'>pure</span> <span class='ocrx_word' id='word_1_246' title='bbox 434 2072 641 2109; x_wconf 88' lang='lat' dir='ltr'>nichilum.</span> 
     </span>
     <span class='ocr_line' id='line_1_37' title="bbox 272 2131 1525 2179; baseline 0.001 -13"><span class='ocrx_word' id='word_1_247' title='bbox 272 2131 516 2166; x_wconf 78' lang='lat' dir='ltr'>CONCLUSIO</span> <span class='ocrx_word' id='word_1_248' title='bbox 546 2137 687 2164; x_wconf 86' lang='lat' dir='ltr'>PRIMA:</span> <span class='ocrx_word' id='word_1_249' title='bbox 725 2132 898 2167; x_wconf 86' lang='lat' dir='ltr'>Mundus</span> <span class='ocrx_word' id='word_1_250' title='bbox 931 2131 1154 2179; x_wconf 88' lang='lat' dir='ltr'>architipus</span> <span class='ocrx_word' id='word_1_251' title='bbox 1187 2139 1256 2167; x_wconf 89' lang='lat' dir='ltr'>est.</span> <span class='ocrx_word' id='word_1_252' title='bbox 1311 2132 1525 2167; x_wconf 83' lang='lat' dir='ltr'>Probatur:</span> 
     </span>
     <span class='ocr_line' id='line_1_38' title="bbox 216 2187 1527 2236; baseline 0.002 -13"><span class='ocrx_word' id='word_1_253' title='bbox 216 2187 430 2224; x_wconf 89' lang='lat' dir='ltr'>multitudo</span> <span class='ocrx_word' id='word_1_254' title='bbox 462 2187 644 2224; x_wconf 87' lang='lat' dir='ltr'>omnium</span> <span class='ocrx_word' id='word_1_255' title='bbox 678 2188 886 2225; x_wconf 86' lang='lat' dir='ltr'>racionurn</span> <span class='ocrx_word' id='word_1_256' title='bbox 919 2189 1119 2236; x_wconf 89' lang='lat' dir='ltr'>ydealium</span> <span class='ocrx_word' id='word_1_257' title='bbox 1160 2197 1235 2225; x_wconf 88' lang='lat' dir='ltr'>est:</span> <span class='ocrx_word' id='word_1_258' title='bbox 1276 2188 1397 2236; x_wconf 87' lang='lat' dir='ltr'>igitur</span> <span class='ocrx_word' id='word_1_259' title='bbox 1435 2202 1527 2225; x_wconf 90' lang='lat' dir='ltr'>con-</span> 
     </span>
     <span class='ocr_line' id='line_1_39' title="bbox 158 2245 1527 2295; baseline 0.001 -14"><span class='ocrx_word' id='word_1_260' title='bbox 158 2252 197 2285; x_wconf 78' lang='grc'>35</span> <span class='ocrx_word' id='word_1_261' title='bbox 215 2245 339 2281; x_wconf 84' lang='grc'>6111510</span> <span class='ocrx_word' id='word_1_262' title='bbox 356 2258 461 2282; x_wconf 86' lang='lat' dir='ltr'>vera.</span> <span class='ocrx_word' id='word_1_263' title='bbox 485 2246 786 2294; x_wconf 89' lang='lat' dir='ltr'>Consequencia</span> <span class='ocrx_word' id='word_1_264' title='bbox 808 2255 917 2294; x_wconf 87' lang='lat' dir='ltr'>patet</span> <span class='ocrx_word' id='word_1_265' title='bbox 941 2259 984 2283; x_wconf 82' lang='lat' dir='ltr'>ex</span> <span class='ocrx_word' id='word_1_266' title='bbox 1007 2247 1103 2295; x_wconf 90' lang='lat' dir='ltr'>quid</span> <span class='ocrx_word' id='word_1_267' title='bbox 1125 2246 1312 2283; x_wconf 86' lang='lat' dir='ltr'>nominis.</span> <span class='ocrx_word' id='word_1_268' title='bbox 1336 2249 1527 2295; x_wconf 82' lang='lat' dir='ltr'>Assump-</span> 
     </span>
     <span class='ocr_line' id='line_1_40' title="bbox 182 2304 1527 2352; baseline 0.002 -14"><span class='ocrx_word' id='word_1_269' title='bbox 182 2311 297 2338; x_wconf 73' lang='grc'>,111111</span> <span class='ocrx_word' id='word_1_270' title='bbox 343 2305 548 2351; x_wconf 84' lang='lat' dir='ltr'>probatur,</span> <span class='ocrx_word' id='word_1_271' title='bbox 595 2304 689 2352; x_wconf 88' lang='lat' dir='ltr'>quia</span> <span class='ocrx_word' id='word_1_272' title='bbox 733 2304 913 2340; x_wconf 85' lang='lat' dir='ltr'>raciones</span> <span class='ocrx_word' id='word_1_273' title='bbox 951 2305 1109 2352; x_wconf 87' lang='lat' dir='ltr'>ydeales</span> <span class='ocrx_word' id='word_1_274' title='bbox 1148 2304 1189 2340; x_wconf 91' lang='lat' dir='ltr'>in</span> <span class='ocrx_word' id='word_1_275' title='bbox 1228 2313 1359 2341; x_wconf 87' lang='lat' dir='ltr'>mente</span> <span class='ocrx_word' id='word_1_276' title='bbox 1394 2304 1527 2341; x_wconf 88' lang='lat' dir='ltr'>divina</span> 
     </span>
     <span class='ocr_line' id='line_1_41' title="bbox 214 2362 1525 2410; baseline 0.002 -14"><span class='ocrx_word' id='word_1_277' title='bbox 214 2369 323 2407; x_wconf 85' lang='lat' dir='ltr'>sunt3</span> <span class='ocrx_word' id='word_1_278' title='bbox 357 2370 394 2397; x_wconf 86' lang='lat' dir='ltr'>et</span> <span class='ocrx_word' id='word_1_279' title='bbox 416 2370 475 2398; x_wconf 89' lang='grc'>101</span> <span class='ocrx_word' id='word_1_280' title='bbox 498 2370 602 2408; x_wconf 88' lang='grc'>511111,</span> <span class='ocrx_word' id='word_1_281' title='bbox 627 2370 826 2409; x_wconf 89' lang='lat' dir='ltr'>quotquot</span> <span class='ocrx_word' id='word_1_282' title='bbox 851 2371 1017 2410; x_wconf 89' lang='lat' dir='ltr'>possunt</span> <span class='ocrx_word' id='word_1_283' title='bbox 1041 2375 1136 2399; x_wconf 89' lang='lat' dir='ltr'>esse.</span> <span class='ocrx_word' id='word_1_284' title='bbox 1171 2362 1347 2399; x_wconf 85' lang='lat' dir='ltr'>Primam</span> <span class='ocrx_word' id='word_1_285' title='bbox 1370 2371 1525 2410; x_wconf 87' lang='lat' dir='ltr'>partem</span> 
     </span>
     <span class='ocr_line' id='line_1_42' title="bbox 213 2419 1526 2468; baseline 0.002 -14"><span class='ocrx_word' id='word_1_286' title='bbox 213 2420 356 2466; x_wconf 89' lang='lat' dir='ltr'>probat</span> <span class='ocrx_word' id='word_1_287' title='bbox 407 2420 546 2456; x_wconf 87' lang='lat' dir='ltr'>beatus</span> <span class='ocrx_word' id='word_1_288' title='bbox 597 2419 844 2468; x_wconf 83' lang='lat' dir='ltr'>Augustinus</span> <span class='ocrx_word' id='word_1_289' title='bbox 896 2420 936 2456; x_wconf 91' lang='lat' dir='ltr'>in</span> <span class='ocrx_word' id='word_1_290' title='bbox 988 2420 1090 2456; x_wconf 88' lang='lat' dir='ltr'>libro</span> <span class='ocrx_word' id='word_1_291' title='bbox 1137 2420 1223 2456; x_wconf 72' lang='grc' dir='ltr'>83ΠΓΙ</span> <span class='ocrx_word' id='word_1_292' title='bbox 1270 2420 1526 2468; x_wconf 86' lang='lat' dir='ltr'>questionum</span> 
     </span>
     <span class='ocr_line' id='line_1_43' title="bbox 213 2476 1526 2524; baseline 0.002 -12"><span class='ocrx_word' id='word_1_293' title='bbox 213 2476 420 2524; x_wconf 89' lang='lat' dir='ltr'>questione</span> <span class='ocrx_word' id='word_1_294' title='bbox 459 2477 546 2523; x_wconf 55' lang='lat'>461³</span> <span class='ocrx_word' id='word_1_295' title='bbox 584 2477 659 2514; x_wconf 90' lang='lat' dir='ltr'>sic:</span> <span class='ocrx_word' id='word_1_296' title='bbox 705 2479 888 2514; x_wconf 66' lang='lat' dir='ltr'>‘Necesse</span> <span class='ocrx_word' id='word_1_297' title='bbox 927 2486 984 2514; x_wconf 90' lang='lat' dir='ltr'>est</span> <span class='ocrx_word' id='word_1_298' title='bbox 1016 2480 1143 2514; x_wconf 89' lang='lat' dir='ltr'>Deum</span> <span class='ocrx_word' id='word_1_299' title='bbox 1189 2478 1326 2514; x_wconf 89' lang='lat' dir='ltr'>omnia</span> <span class='ocrx_word' id='word_1_300' title='bbox 1365 2478 1526 2514; x_wconf 87' lang='lat' dir='ltr'>condita</span> 
     </span>
    </p>
   </div>
   <div class='ocr_carea' id='block_1_6' title="bbox 166 2692 1526 2828">
    <p class='ocr_par' dir='ltr' id='par_1_7' title="bbox 166 2692 1526 2828">
     <span class='ocr_line' id='line_1_44' title="bbox 285 2692 1524 2735; baseline 0.001 -11"><span class='ocrx_word' id='word_1_301' title='bbox 285 2692 337 2725; x_wconf 79' lang='lat'>38.</span> <span class='ocrx_word' id='word_1_302' title='bbox 373 2693 425 2735; x_wconf 88' lang='lat' dir='ltr'>Cf.</span> <span class='ocrx_word' id='word_1_303' title='bbox 453 2694 637 2735; x_wconf 79' lang='lat' dir='ltr'>Augustini</span> <span class='ocrx_word' id='word_1_304' title='bbox 672 2694 723 2725; x_wconf 91' lang='lat' dir='ltr'>De</span> <span class='ocrx_word' id='word_1_305' title='bbox 750 2694 903 2725; x_wconf 87' lang='lat' dir='ltr'>Diversis</span> <span class='ocrx_word' id='word_1_306' title='bbox 930 2695 1201 2733; x_wconf 87' lang='lat' dir='ltr'>Quaestionibus</span> <span class='ocrx_word' id='word_1_307' title='bbox 1230 2695 1408 2726; x_wconf 85' lang='lat' dir='ltr'><strong>LXXXIII.</strong></span> <span class='ocrx_word' id='word_1_308' title='bbox 1436 2695 1524 2735; x_wconf 66' lang='lat' dir='ltr'>Lib„</span> 
     </span>
     <span class='ocr_line' id='line_1_45' title="bbox 215 2738 1526 2783; baseline 0.002 -14"><span class='ocrx_word' id='word_1_309' title='bbox 215 2738 357 2777; x_wconf 86' lang='lat' dir='ltr'>Quaest.</span> <span class='ocrx_word' id='word_1_310' title='bbox 382 2739 489 2771; x_wconf 86' lang='lat' dir='ltr'><strong>XLVI</strong></span> <span class='ocrx_word' id='word_1_311' title='bbox 526 2740 589 2780; x_wconf 88' lang='lat' dir='ltr'>[De</span> <span class='ocrx_word' id='word_1_312' title='bbox 616 2740 713 2781; x_wconf 87' lang='lat' dir='ltr'>ideis]</span> <span class='ocrx_word' id='word_1_313' title='bbox 744 2750 759 2771; x_wconf 89' lang='lat'>2</span> <span class='ocrx_word' id='word_1_314' title='bbox 795 2740 936 2783; x_wconf 78' lang='lat' dir='ltr'>(Migne</span> <span class='ocrx_word' id='word_1_315' title='bbox 961 2741 1028 2772; x_wconf 86' lang='lat' dir='ltr'>XL</span> <span class='ocrx_word' id='word_1_316' title='bbox 1057 2741 1139 2781; x_wconf 51' lang='lat' dir='ltr'>0⁰0ss</span> <span class='ocrx_word' id='word_1_317' title='bbox 1174 2741 1260 2779; x_wconf 85' lang='lat' dir='ltr'>Quis</span> <span class='ocrx_word' id='word_1_318' title='bbox 1291 2744 1410 2774; x_wconf 83' lang='lat' dir='ltr'>autem</span> <span class='ocrx_word' id='word_1_319' title='bbox 1445 2742 1526 2773; x_wconf 84' lang='lat' dir='ltr'>reli-</span> 
     </span>
     <span class='ocr_line' id='line_1_46' title="bbox 166 2784 1525 2828; baseline 0.005 -15"><span class='ocrx_word' id='word_1_320' title='bbox 166 2811 171 2813; x_wconf 88' lang='lat'>.</span> <span class='ocrx_word' id='word_1_321' title='bbox 212 2784 332 2826; x_wconf 72' lang='lat' dir='ltr'>giosus</span> <span class='ocrx_word' id='word_1_322' title='bbox 352 2809 358 2816; x_wconf 93' lang='lat'><strong>.</strong></span> <span class='ocrx_word' id='word_1_323' title='bbox 380 2812 385 2818; x_wconf 90' lang='lat'>.</span> <span class='ocrx_word' id='word_1_324' title='bbox 408 2813 413 2817; x_wconf 90' lang='lat'>.</span> <span class='ocrx_word' id='word_1_325' title='bbox 435 2796 567 2828; x_wconf 77' lang='lat' dir='ltr'>negare</span> <span class='ocrx_word' id='word_1_326' title='bbox 593 2790 714 2817; x_wconf 79' lang='lat' dir='ltr'>tamen</span> <span class='ocrx_word' id='word_1_327' title='bbox 735 2787 871 2818; x_wconf 78' lang='lat' dir='ltr'>audeat</span> <span class='ocrx_word' id='word_1_328' title='bbox 889 2811 896 2818; x_wconf 88' lang='lat'><strong>.</strong></span> <span class='ocrx_word' id='word_1_329' title='bbox 919 2812 923 2818; x_wconf 96' lang='lat'>.</span> <span class='ocrx_word' id='word_1_330' title='bbox 947 2813 951 2817; x_wconf 94' lang='lat'>.</span> <span class='ocrx_word' id='word_1_331' title='bbox 971 2787 1092 2819; x_wconf 78' lang='lat' dir='ltr'>omnia</span> <span class='ocrx_word' id='word_1_332' title='bbox 1110 2811 1117 2818; x_wconf 92' lang='lat'>.</span> <span class='ocrx_word' id='word_1_333' title='bbox 1138 2811 1145 2818; x_wconf 91' lang='lat'><strong>.</strong></span> <span class='ocrx_word' id='word_1_334' title='bbox 1166 2811 1172 2818; x_wconf 93' lang='lat'>.</span> <span class='ocrx_word' id='word_1_335' title='bbox 1196 2787 1269 2819; x_wconf 82' lang='lat' dir='ltr'>Deo</span> <span class='ocrx_word' id='word_1_336' title='bbox 1289 2792 1434 2819; x_wconf 81' lang='lat' dir='ltr'>auctore</span> <span class='ocrx_word' id='word_1_337' title='bbox 1452 2797 1525 2820; x_wconf 82' lang='lat' dir='ltr'>esse</span> 
     </span>
    </p>
   </div>
   <div class='ocr_carea' id='block_1_7' title="bbox 1350 2843 1387 2876">
    <p class='ocr_par' dir='ltr' id='par_1_8' title="bbox 1350 2843 1387 2876">
     <span class='ocr_line' id='line_1_47' title="bbox 1350 2843 1387 2876; baseline 0 0"><span class='ocrx_word' id='word_1_338' title='bbox 1350 2843 1387 2876; x_wconf 82' lang='lat'>18</span> 
     </span>
    </p>
   </div>
   <div class='ocr_carea' id='block_1_8' title="bbox 1547 717 1818 1023">
    <p class='ocr_par' dir='ltr' id='par_1_9' title="bbox 1547 717 1818 1023">
     <span class='ocr_line' id='line_1_48' title="bbox 1599 717 1760 744; baseline 0.006 -1"><span class='ocrx_word' id='word_1_339' title='bbox 1599 722 1651 744; x_wconf 92' lang='lat' dir='ltr'>out</span> <span class='ocrx_word' id='word_1_340' title='bbox 1671 717 1706 744; x_wconf 92' lang='lat' dir='ltr'>of</span> <span class='ocrx_word' id='word_1_341' title='bbox 1722 718 1760 744; x_wconf 90' lang='lat' dir='ltr'>its</span> 
     </span>
     <span class='ocr_line' id='line_1_49' title="bbox 1592 751 1770 787; baseline 0.011 -9"><span class='ocrx_word' id='word_1_342' title='bbox 1592 751 1770 787; x_wconf 80' lang='lat' dir='ltr'>intelligible</span> 
     </span>
     <span class='ocr_line' id='line_1_50' title="bbox 1573 787 1786 821; baseline 0.009 -8"><span class='ocrx_word' id='word_1_343' title='bbox 1573 787 1665 821; x_wconf 83' lang='lat' dir='ltr'>being</span> <span class='ocrx_word' id='word_1_344' title='bbox 1684 787 1713 814; x_wconf 90' lang='lat' dir='ltr'>in</span> <span class='ocrx_word' id='word_1_345' title='bbox 1736 788 1786 815; x_wconf 88' lang='lat' dir='ltr'>the</span> 
     </span>
     <span class='ocr_line' id='line_1_51' title="bbox 1576 821 1786 849; baseline 0.005 -1"><span class='ocrx_word' id='word_1_346' title='bbox 1576 821 1680 848; x_wconf 88' lang='lat' dir='ltr'>divine</span> <span class='ocrx_word' id='word_1_347' title='bbox 1701 822 1786 849; x_wconf 87' lang='lat' dir='ltr'>mind</span> 
     </span>
     <span class='ocr_line' id='line_1_52' title="bbox 1586 857 1769 884; baseline 0.005 -1"><span class='ocrx_word' id='word_1_348' title='bbox 1586 857 1650 883; x_wconf 86' lang='lat' dir='ltr'>into</span> <span class='ocrx_word' id='word_1_349' title='bbox 1671 858 1769 884; x_wconf 82' lang='lat' dir='ltr'>actual</span> 
     </span>
     <span class='ocr_line' id='line_1_53' title="bbox 1558 891 1805 925; baseline 0 -7"><span class='ocrx_word' id='word_1_350' title='bbox 1558 891 1723 925; x_wconf 72' lang='lat' dir='ltr'>existence,</span> <span class='ocrx_word' id='word_1_351' title='bbox 1746 892 1805 919; x_wconf 90' lang='lat' dir='ltr'>and</span> 
     </span>
     <span class='ocr_line' id='line_1_54' title="bbox 1569 926 1789 954; baseline 0 -1"><span class='ocrx_word' id='word_1_352' title='bbox 1569 927 1635 953; x_wconf 89' lang='lat' dir='ltr'>that</span> <span class='ocrx_word' id='word_1_353' title='bbox 1656 926 1789 954; x_wconf 85' lang='lat' dir='ltr'>without</span> 
     </span>
     <span class='ocr_line' id='line_1_55' title="bbox 1547 961 1818 997; baseline -0.004 -9"><span class='ocrx_word' id='word_1_354' title='bbox 1547 970 1607 997; x_wconf 86' lang='lat' dir='ltr'>any</span> <span class='ocrx_word' id='word_1_355' title='bbox 1631 961 1818 996; x_wconf 85' lang='lat' dir='ltr'>preexistent</span> 
     </span>
     <span class='ocr_line' id='line_1_56' title="bbox 1589 996 1764 1023; baseline 0 -1"><span class='ocrx_word' id='word_1_356' title='bbox 1589 996 1764 1023; x_wconf 86' lang='lat' dir='ltr'>substance.</span> 
     </span>
    </p>
   </div>
   <div class='ocr_carea' id='block_1_9' title="bbox 1548 1736 1811 1878">
    <p class='ocr_par' dir='ltr' id='par_1_10' title="bbox 1548 1736 1811 1878">
     <span class='ocr_line' id='line_1_57' title="bbox 1548 1736 1811 1774; baseline 0.004 -10"><span class='ocrx_word' id='word_1_357' title='bbox 1548 1736 1651 1764; x_wconf 84' lang='lat' dir='ltr'>Hence</span> <span class='ocrx_word' id='word_1_358' title='bbox 1671 1738 1743 1774; x_wconf 86' lang='lat' dir='ltr'>only</span> <span class='ocrx_word' id='word_1_359' title='bbox 1764 1738 1811 1765; x_wconf 90' lang='lat' dir='ltr'>sin</span> 
     </span>
     <span class='ocr_line' id='line_1_58' title="bbox 1568 1773 1793 1800; baseline 0.004 -1"><span class='ocrx_word' id='word_1_360' title='bbox 1568 1780 1623 1799; x_wconf 87' lang='lat' dir='ltr'>can</span> <span class='ocrx_word' id='word_1_361' title='bbox 1646 1773 1757 1800; x_wconf 85' lang='lat' dir='ltr'>reduce</span> <span class='ocrx_word' id='word_1_362' title='bbox 1777 1782 1793 1800; x_wconf 90' lang='lat' dir='ltr'>a</span> 
     </span>
     <span class='ocr_line' id='line_1_59' title="bbox 1585 1812 1773 1835; baseline 0.005 -1"><span class='ocrx_word' id='word_1_363' title='bbox 1585 1812 1722 1835; x_wconf 80' lang='lat' dir='ltr'>creature</span> <span class='ocrx_word' id='word_1_364' title='bbox 1743 1813 1773 1835; x_wconf 86' lang='lat' dir='ltr'>to</span> 
     </span>
     <span class='ocr_line' id='line_1_60' title="bbox 1611 1842 1751 1878; baseline 0.014 -10"><span class='ocrx_word' id='word_1_365' title='bbox 1611 1842 1751 1878; x_wconf 85' lang='lat' dir='ltr'>nothing.</span> 
     </span>
    </p>
   </div>
   <div class='ocr_carea' id='block_1_10' title="bbox 1551 2143 1802 2320">
    <p class='ocr_par' dir='ltr' id='par_1_11' title="bbox 1551 2143 1802 2320">
     <span class='ocr_line' id='line_1_61' title="bbox 1558 2143 1802 2173; baseline 0.016 -4"><span class='ocrx_word' id='word_1_366' title='bbox 1558 2143 1579 2170; x_wconf 93' lang='grc' dir='ltr'>Ι.</span> <span class='ocrx_word' id='word_1_367' title='bbox 1602 2143 1802 2173; x_wconf 83' lang='lat' dir='ltr'>Conclusion.</span> 
     </span>
     <span class='ocr_line' id='line_1_62' title="bbox 1551 2178 1801 2213; baseline 0.008 -8"><span class='ocrx_word' id='word_1_368' title='bbox 1551 2178 1618 2205; x_wconf 85' lang='lat' dir='ltr'>The</span> <span class='ocrx_word' id='word_1_369' title='bbox 1638 2180 1748 2213; x_wconf 83' lang='lat' dir='ltr'>world,</span> <span class='ocrx_word' id='word_1_370' title='bbox 1769 2189 1801 2207; x_wconf 85' lang='lat' dir='ltr'>as</span> 
     </span>
     <span class='ocr_line' id='line_1_63' title="bbox 1584 2213 1779 2242; baseline 0.01 -2"><span class='ocrx_word' id='word_1_371' title='bbox 1584 2213 1634 2240; x_wconf 86' lang='lat' dir='ltr'>the</span> <span class='ocrx_word' id='word_1_372' title='bbox 1655 2222 1723 2242; x_wconf 88' lang='lat' dir='ltr'>sum</span> <span class='ocrx_word' id='word_1_373' title='bbox 1744 2215 1779 2242; x_wconf 89' lang='lat' dir='ltr'>of</span> 
     </span>
     <span class='ocr_line' id='line_1_64' title="bbox 1579 2248 1780 2283; baseline 0.005 -8"><span class='ocrx_word' id='word_1_374' title='bbox 1579 2248 1675 2283; x_wconf 85' lang='lat' dir='ltr'>ideas,</span> <span class='ocrx_word' id='word_1_375' title='bbox 1696 2249 1722 2276; x_wconf 93' lang='lat' dir='ltr'>is</span> <span class='ocrx_word' id='word_1_376' title='bbox 1742 2258 1780 2276; x_wconf 90' lang='lat' dir='ltr'>an</span> 
     </span>
     <span class='ocr_line' id='line_1_65' title="bbox 1592 2284 1767 2320; baseline 0.006 -10"><span class='ocrx_word' id='word_1_377' title='bbox 1592 2284 1767 2320; x_wconf 79' lang='lat' dir='ltr'>archetype.</span> 
     </span>
    </p>
   </div>
  </div>
 </body>
</html>
