2056 3234
218 176 343 211 Quaest.
366 175 416 202 XI·
496 178 726 216 Quaestiones
751 177 885 217 logicae
917 182 949 206 et
975 175 1248 216 philosophicae.
1731 171 1807 214 293

216 297 339 320 unum
374 282 668 331 oppositorum,
703 290 761 318 tot
795 290 831 318 et
854 281 1067 329 reliquum.
1102 280 1364 317 Divisibilitas
1389 289 1520 317 autern

217 354 284 378 seu
318 340 471 387 divisio,
505 341 613 388 quod
646 339 750 376 idem
785 347 856 386 est,
889 340 1109 375 secundum
1135 338 1325 375 Boecium
1359 338 1400 374 in
1422 338 1523 375 libro

217 398 470 444 divisionum,
500 397 578 434 alia
602 406 672 445 est,
706 410 785 446 qua
808 396 1001 433 terminus
1027 396 1216 433 dividitur
1239 396 1279 432 in
1311 409 1382 433 sua
1404 395 1524 444 signi-

218 457 348 503 ficata,
381 455 472 502 alia,
507 468 585 504 qua
617 463 744 492 totum
779 455 973 502 integrale
997 454 1186 491 dividitur
1215 454 1253 490 in
1278 466 1367 490 suas
1390 462 1524 502 partes

183 514 441 562 SintegraleS,
477 522 514 549 et
546 513 683 559 tercia,
719 525 796 561 qua
829 521 958 549 totum
992 511 1183 548 dividitur
1214 511 1255 547 in
1277 524 1367 548 suas
1391 520 1523 560 partes

216 571 467 608 subiectivas.
506 572 566 607 Ab
599 571 800 618 opposito,
834 578 893 606 tot
926 569 1056 605 modis
1086 569 1230 606 dicitur
1259 569 1522 614 indivisibilis,

217 638 254 666 et
275 629 406 677 primo
434 630 555 665 modo
583 629 622 676 ly
650 641 715 664 sor
738 636 795 664 est
816 626 1067 664 indivisibilis
1094 627 1301 673 terminus,
1330 627 1422 675 quia
1444 640 1524 663 non

216 688 334 724 habet
356 688 473 735 plura
495 686 731 734 significata,
765 694 947 734 sumptus
970 685 1149 722 veritate.
1183 686 1369 722 Secundo
1402 686 1523 721 modo

216 747 321 782 Deus
344 753 401 781 est
425 743 691 790 indivisibilis,
716 756 806 780 cum
830 756 911 780 non
934 744 1079 779 habeat
1102 752 1236 791 partes
1265 743 1522 790 integrantes.

162 817 201 838 10
214 802 358 839 Tercio
382 803 502 839 modo
524 801 593 838 illa
614 814 676 838 res
699 814 765 837 sor
788 809 846 837 est
867 800 1134 846 indivisibilis,
1160 813 1249 837 cum
1274 813 1355 837 non
1378 801 1524 836 habeat

215 870 347 908 partes
379 859 631 906 subiectivas,
667 872 756 896 cum
790 858 839 895 sit
872 858 1073 895 infinitum
1106 858 1307 907 singulare
1330 858 1522 894 subiecto

215 918 301 955 Istis
323 917 464 966 positis
497 926 553 954 est
586 918 680 954 dare
703 924 889 965 quartam
923 916 1278 953 indivisibilitatem
1312 924 1454 953 nature
1485 914 1525 951 in

216 978 314 1012 duas
348 975 445 1013 alias
473 975 693 1011 distinctas.

274 1035 518 1071 CONCLUSIO
551 1039 691 1067 PRIMA:
727 1034 816 1077 Quo
850 1033 900 1068 ad
932 1031 1185 1079 suppositum
1211 1030 1433 1080 questionis
1466 1039 1524 1067 est
1555 1039 1577 1065 I.
1598 1037 1798 1077 conclusion,

163 1095 199 1128 15
216 1093 311 1128 dare
343 1092 514 1128 formam
549 1090 860 1142 substancialem
895 1091 1157 1137 productam3
1206 1090 1419 1137 probatur:
1465 1097 1523 1125 est
1546 1072 1807 1142 νζερᾞέἓῇςξᾍὸη

217 1151 312 1186 dare
336 1149 553 1186 formatum
578 1149 840 1196 productum3
874 1146 995 1196 igitur
1018 1155 1075 1183 est
1108 1148 1203 1184 dare
1235 1147 1408 1183 formam
1433 1159 1524 1194 pro-
1583 1142 1765 1204 sussgtrzffitial

216 1208 393 1254 ductam,
433 1219 511 1255 qua
545 1207 787 1254 productum
832 1205 1057 1242 formaliter
1102 1204 1389 1242 denominatur
1430 1217 1522 1252 pro·
1715 1197 1721 1203 ⁶

216 1266 401 1310 ductum3
441 1263 732 1312 consequencia
766 1271 876 1311 patet
907 1275 966 1309 eo,
1007 1264 1115 1311 quod
1154 1261 1522 1300 contradiccionem

215 1322 397 1370 implicat
430 1334 514 1359 esse
539 1322 757 1358 formatum
781 1321 1026 1369 productum
1059 1320 1142 1357 sine
1174 1320 1305 1357 forma
1326 1321 1525 1367 producta

160 1393 201 1414 20
217 1393 276 1427 eo,
316 1381 424 1429 quod
455 1380 675 1416 formatum
716 1387 772 1415 est
811 1378 1010 1426 posterius
1049 1379 1180 1415 forma
1217 1378 1320 1414 sicut
1360 1390 1524 1425 compo-

81 1441 120 1473 F.
137 1451 202 1472 200
216 1438 336 1475 situm
372 1436 376 1489 Ι
409 1438 539 1475 forma
572 1444 853 1487 componente,
893 1445 930 1473 et
968 1436 1022 1472 sic
1065 1435 1369 1473 denominatum
1403 1436 1525 1472 deno-

216 1496 406 1532 minante.
440 1496 518 1532 Sed
537 1496 775 1531 antecedens
797 1494 913 1540 valet,
938 1495 1047 1543 quod
1071 1502 1128 1530 est
1150 1495 1245 1530 dare
1267 1495 1524 1542 productum.

214 1553 406 1602 Arguitur
438 1553 513 1589 sic:
548 1561 605 1589 est
638 1554 733 1589 dare
765 1551 985 1599 hominem,
1024 1551 1157 1599 ignem
1193 1560 1280 1597 etc,
1314 1551 1435 1599 igitur
1469 1560 1526 1587 est

216 1613 310 1648 dare
348 1612 612 1659 productum3
658 1610 951 1659 consequencia
999 1618 1057 1646 θεῖ
1101 1618 1198 1646 nota
1238 1611 1285 1645 de
1331 1621 1384 1654 se,
1434 1621 1524 1645 cum

159 1671 199 1703 25
216 1678 409 1718 arguatur
442 1670 491 1705 ab
524 1668 706 1704 interiori
729 1680 799 1716 per
830 1680 871 1704 se
893 1667 1077 1716 superius
1100 1666 1184 1703 sine
1213 1666 1524 1715 impediment03

216 1728 284 1764 sed
316 1727 557 1763 antecedens
590 1735 647 1762 est
679 1734 819 1762 notum
854 1738 912 1771 eo,
948 1726 1056 1774 quod
1090 1724 1121 1761 si
1154 1726 1275 1761 homo
1298 1733 1418 1773 negat
1441 1737 1525 1761 esse

216 1785 436 1830 hominem,
469 1792 589 1832 negat
611 1796 651 1820 se
678 1796 775 1830 esse,
810 1796 900 1820 cum
925 1783 974 1819 sit
997 1782 1081 1819 sine
1104 1782 1368 1830 obligacione.
1404 1782 1526 1830 Igitur

215 1842 328 1891 ponit
362 1844 440 1878 duo
473 1841 645 1879 invicem
670 1841 870 1890 opposita,
904 1842 1013 1889 quod
1036 1840 1236 1889 implicat:
1271 1840 1392 1889 igitur
1415 1849 1526 1877 ante-

217 1901 360 1937 cedens
392 1912 543 1938 verum.

159 1961 200 1993 30
273 1960 592 1995 CORROLARIUM:
621 1956 755 1993 Prima
777 1956 907 1993 forma
930 1955 1209 1992 substancialis
1232 1957 1430 2004 producta
1454 1964 1522 1993 est.

215 2011 341 2066 Patet,
375 2016 484 2064 quod
518 2023 575 2051 θεῖ
607 2015 738 2051 forma
760 2013 1040 2050 substancialis
1062 2015 1280 2062 producta;
1315 2013 1435 2061 igitur
1468 2022 1526 2049 est

214 2073 346 2122 prima
378 2073 507 2109 forma
540 2071 819 2109 substancialis
842 2072 1056 2120 producta.
1089 2074 1191 2108 Nam
1216 2071 1248 2107 si
1272 2084 1367 2118 non,
1401 2071 1526 2108 abibit

214 2131 255 2167 in
287 2130 489 2167 infinitum
523 2130 564 2167 in
594 2129 734 2166 formis
773 2129 1120 2175 substancialibus,
1162 2138 1199 2165 et
1237 2129 1292 2165 sic
1331 2142 1412 2165 non
1451 2129 1525 2165 erit

216 2198 389 2225 metrum
414 2197 451 2225 et
475 2201 675 2234 mensura,
701 2189 809 2236 quod
833 2196 891 2224 est
913 2187 1089 2235 primum
1113 2187 1295 2223 omniurn
1318 2186 1359 2223 in
1382 2199 1525 2235 genere

158 2248 198 2282 35
214 2247 451 2294 formarum,
477 2247 585 2296 quod
609 2254 667 2283 est
690 2254 831 2283 contra
852 2244 1111 2282 Aristotelem
1136 2249 1204 2282 100
1219 2244 1523 2293 Methaphisice.

285 2427 314 2449 2.
357 2418 409 2461 Cf.
447 2418 514 2449 An.
552 2416 656 2448 Manl.
695 2416 848 2448 Severini
887 2416 999 2447 Boetii
1040 2415 1115 2447 Lib.
1155 2416 1198 2447 de
1229 2415 1409 2446 Divisione
1447 2414 1524 2447 init.

213 2463 352 2506 (Migne
382 2463 507 2495 LXIV
530 2464 606 2495 877
621 2463 686 2503 B):
725 2462 862 2494 Divisio
901 2472 1050 2504 namque
1089 2462 1208 2493 multis
1241 2461 1353 2493 modis
1385 2461 1524 2494 dicitur.

214 2511 280 2541 Est
311 2509 402 2542 enim
436 2509 562 2542 divisio
593 2509 732 2552 generis
763 2509 796 2540 in
829 2509 973 2548 species.
1012 2509 1079 2540 Est
1108 2518 1234 2539 rursus
1271 2508 1409 2545 divisio,
1445 2518 1522 2539 cum

215 2559 326 2587 totum
354 2556 386 2587 in
409 2556 578 2596 proprias
614 2554 787 2587 dividitur
812 2558 948 2594 partes.
986 2555 1051 2585 Est
1082 2554 1164 2592 alia,
1196 2564 1273 2585 cum
1307 2564 1381 2585 vox
1413 2553 1525 2584 multa

213 2602 413 2644 significans
438 2601 472 2633 in
499 2601 776 2644 significationes
794 2600 964 2641 proprias
986 2600 1115 2640 recipit
1136 2599 1334 2631 sectionem.
1418 2599 1521 2641 7.ly]

212 2648 313 2690 cf.p.
342 2648 501 2687 297‚14,
527 2649 582 2680 16.
702 2645 755 2679 35.
785 2646 837 2688 Cf.
865 2646 966 2677 Arist.
992 2645 1144 2686 Metaph.
1169 2645 1212 2675 Xl
1245 2645 1294 2685 (in
1323 2645 1402 2677 edd.
1418 2609 1523 2676 7anti-

213 2693 289 2739 quis
312 2694 355 2734 X)
388 2704 414 2733 1,
441 2704 461 2735 7
488 2693 572 2733 (Ed.
600 2694 682 2725 Par.
709 2693 749 2723 II
769 2693 854 2730 574,
882 2693 927 2722 29
950 2692 1032 2731 ss..·)
1061 2690 1232 2722 Μάλιστα
1263 2688 1302 2721 δὲ
1327 2689 1366 2722 τὸ
1392 2688 1524 2738 μέτρον

214 2739 306 2771 εἰναι
329 2741 476 2780 πρῶτον
500 2734 651 2770 ἑκάστου
668 2736 794 2778 γένους
811 2735 870 2769 καὶ
887 2736 1093 2779 κυριώτατα
1111 2739 1175 2768 τοῦ
1193 2738 1326 2768 ποσοῦ·
1353 2732 1525 2767 ἐντεῦθεν

175 2819 179 2821 ,
212 2783 279 2828 γὰρ
305 2783 365 2816 καὶ
390 2781 449 2817 ἐπὶ
473 2784 516 2816 τὰ
543 2783 630 2816 ἄλλα
654 2780 837 2825 ἐλήλυθεν.
