<?xml version="1.0" encoding="UTF-8"?>
<!DOCTYPE html PUBLIC "-//W3C//DTD XHTML 1.0 Transitional//EN"
    "http://www.w3.org/TR/xhtml1/DTD/xhtml1-transitional.dtd">
<html xmlns="http://www.w3.org/1999/xhtml" xml:lang="en" lang="en">
 <head>
  <title>
</title>
<meta http-equiv="Content-Type" content="text/html;charset=utf-8" />
  <meta name='ocr-system' content='tesseract 3.04.00' />
  <meta name='ocr-capabilities' content='ocr_page ocr_carea ocr_par ocr_line ocrx_word'/>
</head>
<body>
  <div class='ocr_page' id='page_1' title='image "./deentepraedicame00wycl_0112.png"; bbox 0 0 2056 3234; ppageno 0'>
   <div class='ocr_carea' id='block_1_1' title="bbox 218 187 1818 232">
    <p class='ocr_par' dir='ltr' id='par_1_1' title="bbox 218 187 1818 232">
     <span class='ocr_line' id='line_1_1' title="bbox 218 187 1818 232; baseline -0.013 0"><span class='ocrx_word' id='word_1_1' title='bbox 218 188 271 232; x_wconf 83' lang='lat'>84</span> <span class='ocrx_word' id='word_1_2' title='bbox 953 190 1175 222; x_wconf 43' lang='lat' dir='ltr'>,IOHANNIS</span> <span class='ocrx_word' id='word_1_3' title='bbox 1201 190 1368 222; x_wconf 71' lang='lat' dir='ltr'>WICUF</span> <span class='ocrx_word' id='word_1_4' title='bbox 1658 187 1746 214; x_wconf 61' lang='lat' dir='ltr'>cim.</span> <span class='ocrx_word' id='word_1_5' title='bbox 1767 187 1818 214; x_wconf 73' lang='lat' dir='ltr'>ix.</span> 
     </span>
    </p>
   </div>
   <div class='ocr_carea' id='block_1_2' title="bbox 507 296 1852 752">
    <p class='ocr_par' dir='ltr' id='par_1_2' title="bbox 509 296 1817 345">
     <span class='ocr_line' id='line_1_2' title="bbox 509 296 1817 345; baseline -0.002 -11"><span class='ocrx_word' id='word_1_6' title='bbox 509 297 748 345; x_wconf 79' lang='lat' dir='ltr'>intelligibili</span> <span class='ocrx_word' id='word_1_7' title='bbox 788 297 1050 345; x_wconf 75' lang='lat' dir='ltr'>intelligente,</span> <span class='ocrx_word' id='word_1_8' title='bbox 1091 298 1160 332; x_wconf 85' lang='lat' dir='ltr'>sed</span> <span class='ocrx_word' id='word_1_9' title='bbox 1199 296 1347 342; x_wconf 86' lang='lat' dir='ltr'>nescio,</span> <span class='ocrx_word' id='word_1_10' title='bbox 1387 298 1593 344; x_wconf 89' lang='lat' dir='ltr'>quomodo</span> <span class='ocrx_word' id='word_1_11' title='bbox 1632 296 1817 332; x_wconf 80' lang='lat' dir='ltr'>fundaret</span> 
     </span>
    </p>

    <p class='ocr_par' dir='ltr' id='par_1_3' title="bbox 509 353 1816 403">
     <span class='ocr_line' id='line_1_3' title="bbox 509 353 1816 403; baseline -0.002 -11"><span class='ocrx_word' id='word_1_12' title='bbox 509 357 584 392; x_wconf 89' lang='lat' dir='ltr'>hoc</span> <span class='ocrx_word' id='word_1_13' title='bbox 623 355 789 402; x_wconf 84' lang='lat' dir='ltr'>dictum,</span> <span class='ocrx_word' id='word_1_14' title='bbox 835 364 877 390; x_wconf 90' lang='lat' dir='ltr'>ut</span> <span class='ocrx_word' id='word_1_15' title='bbox 916 364 1026 403; x_wconf 88' lang='lat' dir='ltr'>patet</span> <span class='ocrx_word' id='word_1_16' title='bbox 1065 354 1279 402; x_wconf 78' lang='lat' dir='ltr'>posterius.</span> <span class='ocrx_word' id='word_1_17' title='bbox 1333 355 1394 390; x_wconf 89' lang='lat' dir='ltr'>Ad</span> <span class='ocrx_word' id='word_1_18' title='bbox 1433 354 1602 390; x_wconf 87' lang='lat' dir='ltr'>tercium</span> <span class='ocrx_word' id='word_1_19' title='bbox 1648 353 1816 399; x_wconf 85' lang='lat' dir='ltr'>dicetur,</span> 
     </span>
    </p>

    <p class='ocr_par' dir='ltr' id='par_1_4' title="bbox 509 412 1818 462">
     <span class='ocr_line' id='line_1_4' title="bbox 509 412 1818 462; baseline -0.002 -13"><span class='ocrx_word' id='word_1_20' title='bbox 509 415 616 462; x_wconf 87' lang='lat' dir='ltr'>quod</span> <span class='ocrx_word' id='word_1_21' title='bbox 641 425 780 449; x_wconf 87' lang='lat' dir='ltr'>omnes</span> <span class='ocrx_word' id='word_1_22' title='bbox 805 412 1035 449; x_wconf 86' lang='lat' dir='ltr'>huiusmodi</span> <span class='ocrx_word' id='word_1_23' title='bbox 1058 421 1169 449; x_wconf 84' lang='lat' dir='ltr'>actus</span> <span class='ocrx_word' id='word_1_24' title='bbox 1193 421 1284 448; x_wconf 90' lang='lat' dir='ltr'>sunt</span> <span class='ocrx_word' id='word_1_25' title='bbox 1308 421 1525 460; x_wconf 86' lang='lat' dir='ltr'>respectus,</span> <span class='ocrx_word' id='word_1_26' title='bbox 1552 412 1644 449; x_wconf 85' lang='lat' dir='ltr'>licet</span> <span class='ocrx_word' id='word_1_27' title='bbox 1668 414 1818 448; x_wconf 84' lang='lat' dir='ltr'>Doctor</span> 
     </span>
    </p>

    <p class='ocr_par' dir='ltr' id='par_1_5' title="bbox 509 470 1818 520">
     <span class='ocr_line' id='line_1_5' title="bbox 509 470 1818 520; baseline -0.002 -12"><span class='ocrx_word' id='word_1_28' title='bbox 509 471 672 508; x_wconf 88' lang='lat' dir='ltr'>Subtilis</span> <span class='ocrx_word' id='word_1_29' title='bbox 696 471 931 520; x_wconf 86' lang='lat' dir='ltr'>quodlibeto</span> <span class='ocrx_word' id='word_1_30' title='bbox 957 471 1026 507; x_wconf 81' lang='lat'>130</span> <span class='ocrx_word' id='word_1_31' title='bbox 1049 471 1111 507; x_wconf 83' lang='lat' dir='ltr'>vel</span> <span class='ocrx_word' id='word_1_32' title='bbox 1145 470 1403 507; x_wconf 86' lang='lat' dir='ltr'>conclusione</span> <span class='ocrx_word' id='word_1_33' title='bbox 1433 473 1498 506; x_wconf 69' lang='lat'>12²¹</span> <span class='ocrx_word' id='word_1_34' title='bbox 1528 479 1675 516; x_wconf 82' lang='lat' dir='ltr'>teneat,</span> <span class='ocrx_word' id='word_1_35' title='bbox 1709 471 1818 518; x_wconf 86' lang='lat' dir='ltr'>quod</span> 
     </span>
    </p>

    <p class='ocr_par' dir='ltr' id='par_1_6' title="bbox 507 528 1852 635">
     <span class='ocr_line' id='line_1_6' title="bbox 507 528 1852 578; baseline -0.003 -12"><span class='ocrx_word' id='word_1_36' title='bbox 507 539 599 566; x_wconf 86' lang='lat' dir='ltr'>sunt</span> <span class='ocrx_word' id='word_1_37' title='bbox 644 529 873 578; x_wconf 84' lang='lat' dir='ltr'>qualitates.</span> <span class='ocrx_word' id='word_1_38' title='bbox 921 532 977 565; x_wconf 89' lang='lat' dir='ltr'>De</span> <span class='ocrx_word' id='word_1_39' title='bbox 1023 528 1177 565; x_wconf 82' lang='lat' dir='ltr'>actibus</span> <span class='ocrx_word' id='word_1_40' title='bbox 1221 541 1315 565; x_wconf 83' lang='lat' dir='ltr'>vero</span> <span class='ocrx_word' id='word_1_41' title='bbox 1363 541 1567 575; x_wconf 86' lang='lat' dir='ltr'>sensuum,</span> <span class='ocrx_word' id='word_1_42' title='bbox 1614 529 1852 576; x_wconf 60' lang='lat' dir='ltr'>quomodoss</span> 
     </span>
     <span class='ocr_line' id='line_1_7' title="bbox 508 585 1819 635; baseline -0.002 -11"><span class='ocrx_word' id='word_1_43' title='bbox 508 587 815 635; x_wconf 82' lang='lat' dir='ltr'>distingwuntur</span> <span class='ocrx_word' id='word_1_44' title='bbox 848 600 869 623; x_wconf 89' lang='lat' dir='ltr'>a</span> <span class='ocrx_word' id='word_1_45' title='bbox 903 586 1208 635; x_wconf 85' lang='lat' dir='ltr'>recepcionibus</span> <span class='ocrx_word' id='word_1_46' title='bbox 1240 586 1479 635; x_wconf 86' lang='lat' dir='ltr'>specierum,</span> <span class='ocrx_word' id='word_1_47' title='bbox 1514 595 1552 623; x_wconf 90' lang='lat' dir='ltr'>et</span> <span class='ocrx_word' id='word_1_48' title='bbox 1584 586 1614 623; x_wconf 89' lang='lat' dir='ltr'>si</span> <span class='ocrx_word' id='word_1_49' title='bbox 1638 585 1819 622; x_wconf 85' lang='lat' dir='ltr'>senciens</span> 
     </span>
    </p>

    <p class='ocr_par' dir='ltr' id='par_1_7' title="bbox 508 644 1818 694">
     <span class='ocr_line' id='line_1_8' title="bbox 508 644 1818 694; baseline -0.001 -13"><span class='ocrx_word' id='word_1_50' title='bbox 508 645 749 694; x_wconf 82' lang='lat' dir='ltr'>multiplicat</span> <span class='ocrx_word' id='word_1_51' title='bbox 789 658 829 682; x_wconf 85' lang='lat' dir='ltr'>se</span> <span class='ocrx_word' id='word_1_52' title='bbox 862 657 932 693; x_wconf 87' lang='lat' dir='ltr'>per</span> <span class='ocrx_word' id='word_1_53' title='bbox 965 657 1139 691; x_wconf 90' lang='lat' dir='ltr'>sensum,</span> <span class='ocrx_word' id='word_1_54' title='bbox 1180 645 1376 693; x_wconf 85' lang='lat' dir='ltr'>rapiendo</span> <span class='ocrx_word' id='word_1_55' title='bbox 1410 644 1576 692; x_wconf 88' lang='lat' dir='ltr'>species,</span> <span class='ocrx_word' id='word_1_56' title='bbox 1617 657 1687 692; x_wconf 88' lang='lat' dir='ltr'>per</span> <span class='ocrx_word' id='word_1_57' title='bbox 1720 656 1818 692; x_wconf 86' lang='lat' dir='ltr'>quas</span> 
     </span>
    </p>

    <p class='ocr_par' dir='ltr' id='par_1_8' title="bbox 507 702 1533 752">
     <span class='ocr_line' id='line_1_9' title="bbox 507 702 1533 752; baseline -0.002 -12"><span class='ocrx_word' id='word_1_58' title='bbox 507 703 686 751; x_wconf 81' lang='lat' dir='ltr'>sentiret,</span> <span class='ocrx_word' id='word_1_59' title='bbox 723 703 879 740; x_wconf 86' lang='lat' dir='ltr'>dicetur</span> <span class='ocrx_word' id='word_1_60' title='bbox 911 703 1112 752; x_wconf 83' lang='lat' dir='ltr'>posterius</span> <span class='ocrx_word' id='word_1_61' title='bbox 1147 715 1237 739; x_wconf 91' lang='lat' dir='ltr'>cum</span> <span class='ocrx_word' id='word_1_62' title='bbox 1271 703 1357 740; x_wconf 79' lang='lat' dir='ltr'>aliis</span> <span class='ocrx_word' id='word_1_63' title='bbox 1391 702 1533 739; x_wconf 88' lang='lat' dir='ltr'>dubiis.</span> 
     </span>
    </p>
   </div>
   <div class='ocr_carea' id='block_1_3' title="bbox 215 760 1815 810">
    <p class='ocr_par' dir='ltr' id='par_1_9' title="bbox 215 760 1815 810">
     <span class='ocr_line' id='line_1_10' title="bbox 215 760 1815 810; baseline -0.001 -13"><span class='ocrx_word' id='word_1_64' title='bbox 215 770 375 804; x_wconf 78' lang='lat' dir='ltr'>Meanings</span> <span class='ocrx_word' id='word_1_65' title='bbox 390 769 490 796; x_wconf 80' lang='lat' dir='ltr'>ofthe</span> <span class='ocrx_word' id='word_1_66' title='bbox 569 762 672 798; x_wconf 87' lang='lat' dir='ltr'>Satis</span> <span class='ocrx_word' id='word_1_67' title='bbox 708 775 800 809; x_wconf 83' lang='lat' dir='ltr'>ergo</span> <span class='ocrx_word' id='word_1_68' title='bbox 835 770 892 798; x_wconf 87' lang='lat' dir='ltr'>est</span> <span class='ocrx_word' id='word_1_69' title='bbox 925 774 998 810; x_wconf 92' lang='lat' dir='ltr'>pro</span> <span class='ocrx_word' id='word_1_70' title='bbox 1032 761 1208 809; x_wconf 86' lang='lat' dir='ltr'>presenti</span> <span class='ocrx_word' id='word_1_71' title='bbox 1242 773 1440 810; x_wconf 85' lang='lat' dir='ltr'>exponere</span> <span class='ocrx_word' id='word_1_72' title='bbox 1473 760 1815 809; x_wconf 82' lang='lat' dir='ltr'>significacionem</span> 
     </span>
    </p>
   </div>
   <div class='ocr_carea' id='block_1_4' title="bbox 241 805 1877 869">
    <p class='ocr_par' dir='ltr' id='par_1_10' title="bbox 241 805 1877 869">
     <span class='ocr_line' id='line_1_11' title="bbox 241 805 1877 869; baseline -0.002 -13"><span class='ocrx_word' id='word_1_73' title='bbox 241 805 330 867; x_wconf 45' lang='lat' dir='ltr'>uictus}</span> <span class='ocrx_word' id='word_1_74' title='bbox 349 807 463 866; x_wconf 40' lang='lat' dir='ltr'>sssstggff’</span> <span class='ocrx_word' id='word_1_75' title='bbox 507 820 603 869; x_wconf 90' lang='lat' dir='ltr'>quid</span> <span class='ocrx_word' id='word_1_76' title='bbox 655 819 832 857; x_wconf 87' lang='lat' dir='ltr'>nominis</span> <span class='ocrx_word' id='word_1_77' title='bbox 886 819 1169 866; x_wconf 87' lang='lat' dir='ltr'>terminorum,</span> <span class='ocrx_word' id='word_1_78' title='bbox 1224 821 1429 868; x_wconf 90' lang='lat' dir='ltr'>quomodo</span> <span class='ocrx_word' id='word_1_79' title='bbox 1481 819 1594 856; x_wconf 79' lang='lat' dir='ltr'>aecio</span> <span class='ocrx_word' id='word_1_80' title='bbox 1647 818 1877 855; x_wconf 87' lang='lat' dir='ltr'>sumitur1o</span> 
     </span>
    </p>
   </div>
   <div class='ocr_carea' id='block_1_5' title="bbox 217 874 1816 944">
    <p class='ocr_par' dir='ltr' id='par_1_11' title="bbox 217 874 1816 944">
     <span class='ocr_line' id='line_1_12' title="bbox 217 874 1816 944; baseline -0.001 -30"><span class='ocrx_word' id='word_1_81' title='bbox 217 874 479 944; x_wconf 46' lang='grc' dir='ltr'>ΙΙΙ-ῃὲῗῇῐέἐᾞζὴν</span> <span class='ocrx_word' id='word_1_82' title='bbox 506 879 748 927; x_wconf 87' lang='lat' dir='ltr'>quandoque</span> <span class='ocrx_word' id='word_1_83' title='bbox 781 878 1007 915; x_wconf 83' lang='lat' dir='ltr'>formaliter</span> <span class='ocrx_word' id='word_1_84' title='bbox 1045 879 1107 914; x_wconf 90' lang='lat' dir='ltr'>vel</span> <span class='ocrx_word' id='word_1_85' title='bbox 1147 878 1352 926; x_wconf 85' lang='lat' dir='ltr'>analoyce,</span> <span class='ocrx_word' id='word_1_86' title='bbox 1391 886 1435 914; x_wconf 89' lang='lat' dir='ltr'>ut</span> <span class='ocrx_word' id='word_1_87' title='bbox 1476 877 1572 914; x_wconf 90' lang='lat' dir='ltr'>dicit</span> <span class='ocrx_word' id='word_1_88' title='bbox 1611 886 1816 913; x_wconf 88' lang='lat' dir='ltr'>transcen-</span> 
     </span>
    </p>
   </div>
   <div class='ocr_carea' id='block_1_6' title="bbox 212 934 1815 984">
    <p class='ocr_par' dir='ltr' id='par_1_12' title="bbox 212 934 1815 984">
     <span class='ocr_line' id='line_1_13' title="bbox 212 934 1815 984; baseline -0.001 -12"><span class='ocrx_word' id='word_1_89' title='bbox 212 945 264 972; x_wconf 80' lang='grc' dir='ltr'><strong>ΙΙΙ.</strong></span> <span class='ocrx_word' id='word_1_90' title='bbox 285 944 315 971; x_wconf 82' lang='lat' dir='ltr'>iu</span> <span class='ocrx_word' id='word_1_91' title='bbox 336 944 376 971; x_wconf 87' lang='lat' dir='ltr'>its</span> <span class='ocrx_word' id='word_1_92' title='bbox 397 941 484 970; x_wconf 65' lang='lat' dir='ltr'>striet</span> <span class='ocrx_word' id='word_1_93' title='bbox 506 936 719 973; x_wconf 88' lang='lat' dir='ltr'>dentaliter</span> <span class='ocrx_word' id='word_1_94' title='bbox 764 949 881 984; x_wconf 85' lang='lat' dir='ltr'>agere</span> <span class='ocrx_word' id='word_1_95' title='bbox 926 936 1081 984; x_wconf 86' lang='lat' dir='ltr'>agentis</span> <span class='ocrx_word' id='word_1_96' title='bbox 1132 935 1172 971; x_wconf 89' lang='lat' dir='ltr'>in</span> <span class='ocrx_word' id='word_1_97' title='bbox 1217 936 1442 972; x_wconf 87' lang='lat' dir='ltr'>subiectum</span> <span class='ocrx_word' id='word_1_98' title='bbox 1488 934 1815 984; x_wconf 86' lang='lat' dir='ltr'>presuppositum</span> 
     </span>
    </p>
   </div>
   <div class='ocr_carea' id='block_1_7' title="bbox 213 978 1819 1048">
    <p class='ocr_par' dir='ltr' id='par_1_13' title="bbox 213 978 1819 1048">
     <span class='ocr_line' id='line_1_14' title="bbox 213 978 1819 1048; baseline -0.001 -17"><span class='ocrx_word' id='word_1_99' title='bbox 213 978 489 1048; x_wconf 45' lang='lat' dir='ltr'>ggffissffilcssssfflsst</span> <span class='ocrx_word' id='word_1_100' title='bbox 505 994 587 1032; x_wconf 87' lang='lat' dir='ltr'>sive</span> <span class='ocrx_word' id='word_1_101' title='bbox 626 1003 670 1031; x_wconf 89' lang='lat' dir='ltr'>ut</span> <span class='ocrx_word' id='word_1_102' title='bbox 709 994 765 1031; x_wconf 89' lang='lat' dir='ltr'>sic</span> <span class='ocrx_word' id='word_1_103' title='bbox 805 1003 1028 1041; x_wconf 85' lang='lat' dir='ltr'>moveatur,</span> <span class='ocrx_word' id='word_1_104' title='bbox 1076 993 1156 1030; x_wconf 90' lang='lat' dir='ltr'>sive</span> <span class='ocrx_word' id='word_1_105' title='bbox 1194 1007 1296 1040; x_wconf 88' lang='lat' dir='ltr'>non;</span> <span class='ocrx_word' id='word_1_106' title='bbox 1344 995 1407 1031; x_wconf 88' lang='lat' dir='ltr'>vel</span> <span class='ocrx_word' id='word_1_107' title='bbox 1446 994 1572 1030; x_wconf 90' lang='lat' dir='ltr'>tercio</span> <span class='ocrx_word' id='word_1_108' title='bbox 1612 1002 1819 1030; x_wconf 84' lang='lat' dir='ltr'>contracte</span> 
     </span>
    </p>
   </div>
   <div class='ocr_carea' id='block_1_8' title="bbox 505 1051 1875 1159">
    <p class='ocr_par' dir='ltr' id='par_1_14' title="bbox 505 1051 1875 1159">
     <span class='ocr_line' id='line_1_15' title="bbox 506 1051 1820 1100; baseline -0.003 -10"><span class='ocrx_word' id='word_1_109' title='bbox 506 1054 554 1090; x_wconf 84' lang='lat' dir='ltr'>ad</span> <span class='ocrx_word' id='word_1_110' title='bbox 588 1064 711 1100; x_wconf 85' lang='lat' dir='ltr'>genus</span> <span class='ocrx_word' id='word_1_111' title='bbox 745 1052 935 1099; x_wconf 81' lang='lat' dir='ltr'>accionis,</span> <span class='ocrx_word' id='word_1_112' title='bbox 968 1061 1011 1089; x_wconf 91' lang='lat' dir='ltr'>ut</span> <span class='ocrx_word' id='word_1_113' title='bbox 1046 1051 1142 1088; x_wconf 85' lang='lat' dir='ltr'>dicit</span> <span class='ocrx_word' id='word_1_114' title='bbox 1175 1052 1307 1088; x_wconf 88' lang='lat' dir='ltr'>nisum</span> <span class='ocrx_word' id='word_1_115' title='bbox 1332 1052 1560 1089; x_wconf 85' lang='lat' dir='ltr'>substancie</span> <span class='ocrx_word' id='word_1_116' title='bbox 1594 1051 1746 1099; x_wconf 85' lang='lat' dir='ltr'>agentis</span> <span class='ocrx_word' id='word_1_117' title='bbox 1780 1051 1820 1087; x_wconf 88' lang='lat' dir='ltr'>in</span> 
     </span>
     <span class='ocr_line' id='line_1_16' title="bbox 505 1110 1875 1159; baseline -0.004 -11"><span class='ocrx_word' id='word_1_118' title='bbox 505 1124 668 1159; x_wconf 89' lang='lat' dir='ltr'>passum</span> <span class='ocrx_word' id='word_1_119' title='bbox 703 1111 973 1148; x_wconf 87' lang='lat' dir='ltr'>essencialiter</span> <span class='ocrx_word' id='word_1_120' title='bbox 1008 1119 1115 1147; x_wconf 76' lang='lat' dir='ltr'>extra</span> <span class='ocrx_word' id='word_1_121' title='bbox 1149 1110 1295 1158; x_wconf 86' lang='lat' dir='ltr'>ipsum.</span> <span class='ocrx_word' id='word_1_122' title='bbox 1839 1111 1875 1143; x_wconf 76' lang='lat'>15</span> 
     </span>
    </p>
   </div>
   <div class='ocr_carea' id='block_1_9' title="bbox 214 1167 1819 1216">
    <p class='ocr_par' dir='ltr' id='par_1_15' title="bbox 214 1167 1819 1216">
     <span class='ocr_line' id='line_1_17' title="bbox 214 1167 1819 1216; baseline 0 -12"><span class='ocrx_word' id='word_1_123' title='bbox 214 1176 488 1204; x_wconf 76' lang='lat' dir='ltr'>2.Acti0nisused</span> <span class='ocrx_word' id='word_1_124' title='bbox 564 1170 751 1207; x_wconf 86' lang='lat' dir='ltr'>Secundo</span> <span class='ocrx_word' id='word_1_125' title='bbox 794 1170 916 1205; x_wconf 87' lang='lat' dir='ltr'>modo</span> <span class='ocrx_word' id='word_1_126' title='bbox 948 1169 1065 1206; x_wconf 85' lang='lat' dir='ltr'>valde</span> <span class='ocrx_word' id='word_1_127' title='bbox 1099 1168 1291 1216; x_wconf 87' lang='lat' dir='ltr'>equivoce</span> <span class='ocrx_word' id='word_1_128' title='bbox 1324 1169 1372 1205; x_wconf 91' lang='lat' dir='ltr'>ab</span> <span class='ocrx_word' id='word_1_129' title='bbox 1412 1168 1489 1205; x_wconf 87' lang='lat' dir='ltr'>isto</span> <span class='ocrx_word' id='word_1_130' title='bbox 1523 1168 1668 1205; x_wconf 89' lang='lat' dir='ltr'>dicitur</span> <span class='ocrx_word' id='word_1_131' title='bbox 1707 1167 1819 1204; x_wconf 86' lang='lat' dir='ltr'>accio</span> 
     </span>
    </p>
   </div>
   <div class='ocr_carea' id='block_1_10' title="bbox 214 1211 1818 1282">
    <p class='ocr_par' dir='ltr' id='par_1_16' title="bbox 214 1211 1818 1282">
     <span class='ocr_line' id='line_1_18' title="bbox 215 1211 1632 1239; baseline -0.005 0"><span class='ocrx_word' id='word_1_132' title='bbox 215 1212 250 1239; x_wconf 83' lang='lat' dir='ltr'>ot&#39;</span> <span class='ocrx_word' id='word_1_133' title='bbox 266 1220 282 1238; x_wconf 85' lang='lat' dir='ltr'>a</span> <span class='ocrx_word' id='word_1_134' title='bbox 297 1211 372 1239; x_wconf 85' lang='lat' dir='ltr'>deed</span> <span class='ocrx_word' id='word_1_135' title='bbox 387 1211 488 1238; x_wconf 83' lang='lat' dir='ltr'>which</span> <span class='ocrx_word' id='word_1_136' title='bbox 507 1227 513 1233; x_wconf 91' lang='lat'><strong>·</strong></span> <span class='ocrx_word' id='word_1_137' title='bbox 716 1227 722 1233; x_wconf 90' lang='lat'>-</span> <span class='ocrx_word' id='word_1_138' title='bbox 1322 1227 1329 1232; x_wconf 91' lang='lat'><em>.</em></span> <span class='ocrx_word' id='word_1_139' title='bbox 1529 1226 1536 1232; x_wconf 89' lang='lat'>.</span> <span class='ocrx_word' id='word_1_140' title='bbox 1626 1226 1632 1232; x_wconf 92' lang='lat'><em>.</em></span> 
     </span>
     <span class='ocr_line' id='line_1_19' title="bbox 214 1227 1818 1282; baseline -0.001 -18"><span class='ocrx_word' id='word_1_141' title='bbox 214 1246 488 1282; x_wconf 75' lang='lat' dir='ltr'>involvespassion</span> <span class='ocrx_word' id='word_1_142' title='bbox 506 1240 636 1275; x_wconf 80' lang='lat' dir='ltr'>ipsum</span> <span class='ocrx_word' id='word_1_143' title='bbox 662 1240 724 1275; x_wconf 80' lang='lat' dir='ltr'>agi</span> <span class='ocrx_word' id='word_1_144' title='bbox 749 1229 797 1264; x_wconf 90' lang='lat' dir='ltr'>ab</span> <span class='ocrx_word' id='word_1_145' title='bbox 822 1236 977 1275; x_wconf 84' lang='lat' dir='ltr'>agente,</span> <span class='ocrx_word' id='word_1_146' title='bbox 1008 1228 1116 1276; x_wconf 87' lang='lat' dir='ltr'>quod</span> <span class='ocrx_word' id='word_1_147' title='bbox 1142 1235 1200 1263; x_wconf 88' lang='lat' dir='ltr'>est</span> <span class='ocrx_word' id='word_1_148' title='bbox 1223 1240 1357 1275; x_wconf 78' lang='lat' dir='ltr'>passto</span> <span class='ocrx_word' id='word_1_149' title='bbox 1380 1227 1602 1264; x_wconf 81' lang='lat' dir='ltr'>formaliter</span> <span class='ocrx_word' id='word_1_150' title='bbox 1624 1239 1665 1262; x_wconf 88' lang='lat' dir='ltr'>m</span> <span class='ocrx_word' id='word_1_151' title='bbox 1688 1238 1818 1274; x_wconf 83' lang='lat' dir='ltr'>passo.</span> 
     </span>
    </p>
   </div>
   <div class='ocr_carea' id='block_1_11' title="bbox 215 1281 1876 1624">
    <p class='ocr_par' dir='ltr' id='par_1_17' title="bbox 215 1281 1876 1624">
     <span class='ocr_line' id='line_1_20' title="bbox 215 1281 1815 1351; baseline -0.002 -29"><span class='ocrx_word' id='word_1_152' title='bbox 215 1281 488 1351; x_wconf 39' lang='lat' dir='ltr'>asefvgflgsb‘ffigfffn</span> <span class='ocrx_word' id='word_1_153' title='bbox 506 1285 571 1322; x_wconf 89' lang='lat' dir='ltr'>Sic</span> <span class='ocrx_word' id='word_1_154' title='bbox 605 1285 709 1322; x_wconf 93' lang='lat' dir='ltr'>enim</span> <span class='ocrx_word' id='word_1_155' title='bbox 743 1294 910 1334; x_wconf 88' lang='lat' dir='ltr'>possunt</span> <span class='ocrx_word' id='word_1_156' title='bbox 943 1285 1039 1321; x_wconf 84' lang='lat' dir='ltr'>talia</span> <span class='ocrx_word' id='word_1_157' title='bbox 1071 1284 1249 1321; x_wconf 84' lang='lat' dir='ltr'>verbalia</span> <span class='ocrx_word' id='word_1_158' title='bbox 1273 1285 1503 1322; x_wconf 85' lang='lat' dir='ltr'>desinencia</span> <span class='ocrx_word' id='word_1_159' title='bbox 1527 1284 1567 1321; x_wconf 92' lang='lat' dir='ltr'>in</span> <span class='ocrx_word' id='word_1_160' title='bbox 1590 1284 1670 1321; x_wconf 92' lang='lat' dir='ltr'>-cio</span> <span class='ocrx_word' id='word_1_161' title='bbox 1694 1283 1815 1332; x_wconf 85' lang='lat' dir='ltr'>signi-</span> 
     </span>
     <span class='ocr_line' id='line_1_21' title="bbox 506 1343 1817 1397; baseline -0.001 -17"><span class='ocrx_word' id='word_1_162' title='bbox 506 1343 626 1380; x_wconf 86' lang='lat' dir='ltr'>ficare</span> <span class='ocrx_word' id='word_1_163' title='bbox 660 1343 865 1397; x_wconf 84' lang='lat' dir='ltr'>equivoce,</span> <span class='ocrx_word' id='word_1_164' title='bbox 899 1352 943 1379; x_wconf 87' lang='lat' dir='ltr'>ut</span> <span class='ocrx_word' id='word_1_165' title='bbox 976 1344 1223 1380; x_wconf 86' lang='lat' dir='ltr'>descendunt</span> <span class='ocrx_word' id='word_1_166' title='bbox 1256 1356 1278 1379; x_wconf 84' lang='lat' dir='ltr'>a</span> <span class='ocrx_word' id='word_1_167' title='bbox 1310 1344 1440 1380; x_wconf 88' lang='lat' dir='ltr'>verbis</span> <span class='ocrx_word' id='word_1_168' title='bbox 1474 1343 1612 1380; x_wconf 86' lang='lat' dir='ltr'>activis</span> <span class='ocrx_word' id='word_1_169' title='bbox 1644 1343 1705 1379; x_wconf 87' lang='lat' dir='ltr'>vel</span> <span class='ocrx_word' id='word_1_170' title='bbox 1727 1355 1817 1390; x_wconf 85' lang='lat' dir='ltr'>pas-</span> 
     </span>
     <span class='ocr_line' id='line_1_22' title="bbox 505 1400 1876 1450; baseline -0.002 -12"><span class='ocrx_word' id='word_1_171' title='bbox 505 1401 610 1447; x_wconf 92' lang='lat' dir='ltr'>sivis,</span> <span class='ocrx_word' id='word_1_172' title='bbox 645 1414 762 1449; x_wconf 86' lang='lat' dir='ltr'>agere</span> <span class='ocrx_word' id='word_1_173' title='bbox 784 1402 845 1438; x_wconf 92' lang='lat' dir='ltr'>vel</span> <span class='ocrx_word' id='word_1_174' title='bbox 867 1401 944 1449; x_wconf 84' lang='lat' dir='ltr'>agi.</span> <span class='ocrx_word' id='word_1_175' title='bbox 979 1402 1095 1438; x_wconf 90' lang='lat' dir='ltr'>Unde</span> <span class='ocrx_word' id='word_1_176' title='bbox 1118 1410 1284 1449; x_wconf 89' lang='lat' dir='ltr'>propter</span> <span class='ocrx_word' id='word_1_177' title='bbox 1313 1401 1429 1438; x_wconf 83' lang='lat' dir='ltr'>istam</span> <span class='ocrx_word' id='word_1_178' title='bbox 1462 1400 1816 1450; x_wconf 86' lang='lat' dir='ltr'>equivocacionem</span> <span class='ocrx_word' id='word_1_179' title='bbox 1834 1414 1876 1435; x_wconf 61' lang='grc' dir='ltr'>ρο</span> 
     </span>
     <span class='ocr_line' id='line_1_23' title="bbox 505 1458 1817 1497; baseline 0 -2"><span class='ocrx_word' id='word_1_180' title='bbox 505 1461 725 1497; x_wconf 83' lang='lat' dir='ltr'>tollendam</span> <span class='ocrx_word' id='word_1_181' title='bbox 776 1461 893 1496; x_wconf 87' lang='lat' dir='ltr'>docet</span> <span class='ocrx_word' id='word_1_182' title='bbox 932 1460 1146 1496; x_wconf 81' lang='lat' dir='ltr'>Anselmus</span> <span class='ocrx_word' id='word_1_183' title='bbox 1189 1460 1228 1496; x_wconf 88' lang='lat' dir='ltr'>in</span> <span class='ocrx_word' id='word_1_184' title='bbox 1274 1460 1409 1496; x_wconf 90' lang='lat' dir='ltr'>libello</span> <span class='ocrx_word' id='word_1_185' title='bbox 1448 1472 1520 1495; x_wconf 91' lang='lat' dir='ltr'>suo</span> <span class='ocrx_word' id='word_1_186' title='bbox 1566 1460 1612 1495; x_wconf 89' lang='lat' dir='ltr'>de</span> <span class='ocrx_word' id='word_1_187' title='bbox 1650 1458 1817 1495; x_wconf 87' lang='lat' dir='ltr'>veritate</span> 
     </span>
     <span class='ocr_line' id='line_1_24' title="bbox 507 1516 1816 1566; baseline -0.001 -12"><span class='ocrx_word' id='word_1_188' title='bbox 507 1517 686 1566; x_wconf 85' lang='lat' dir='ltr'>capitulo</span> <span class='ocrx_word' id='word_1_189' title='bbox 710 1518 770 1563; x_wconf 81' lang='lat'>80,</span> <span class='ocrx_word' id='word_1_190' title='bbox 806 1519 914 1566; x_wconf 89' lang='lat' dir='ltr'>quod</span> <span class='ocrx_word' id='word_1_191' title='bbox 948 1518 1078 1554; x_wconf 89' lang='lat' dir='ltr'>solum</span> <span class='ocrx_word' id='word_1_192' title='bbox 1115 1517 1370 1564; x_wconf 78' lang='lat' dir='ltr'>universalia,</span> <span class='ocrx_word' id='word_1_193' title='bbox 1406 1517 1637 1554; x_wconf 87' lang='lat' dir='ltr'>desinencia</span> <span class='ocrx_word' id='word_1_194' title='bbox 1661 1517 1701 1553; x_wconf 92' lang='lat' dir='ltr'>in</span> <span class='ocrx_word' id='word_1_195' title='bbox 1723 1516 1816 1564; x_wconf 89' lang='lat' dir='ltr'>-cia,</span> 
     </span>
     <span class='ocr_line' id='line_1_25' title="bbox 506 1575 1819 1624; baseline -0.001 -12"><span class='ocrx_word' id='word_1_196' title='bbox 506 1576 798 1612; x_wconf 84' lang='lat' dir='ltr'>descendencia</span> <span class='ocrx_word' id='word_1_197' title='bbox 837 1589 859 1612; x_wconf 85' lang='lat' dir='ltr'>a</span> <span class='ocrx_word' id='word_1_198' title='bbox 892 1575 1117 1624; x_wconf 86' lang='lat' dir='ltr'>participiis</span> <span class='ocrx_word' id='word_1_199' title='bbox 1157 1576 1354 1624; x_wconf 86' lang='lat' dir='ltr'>presentis</span> <span class='ocrx_word' id='word_1_200' title='bbox 1388 1575 1583 1624; x_wconf 87' lang='lat' dir='ltr'>temporis</span> <span class='ocrx_word' id='word_1_201' title='bbox 1617 1575 1819 1624; x_wconf 88' lang='lat' dir='ltr'>principa-</span> 
     </span>
    </p>
   </div>
   <div class='ocr_carea' id='block_1_12' title="bbox 576 1703 960 1744">
    <p class='ocr_par' dir='ltr' id='par_1_18' title="bbox 576 1703 960 1744">
     <span class='ocr_line' id='line_1_26' title="bbox 576 1703 960 1744; baseline -0.003 -6"><span class='ocrx_word' id='word_1_202' title='bbox 576 1710 616 1738; x_wconf 71' lang='lat'>18.</span> <span class='ocrx_word' id='word_1_203' title='bbox 638 1710 667 1738; x_wconf 86' lang='lat' dir='ltr'>in</span> <span class='ocrx_word' id='word_1_204' title='bbox 688 1710 761 1744; x_wconf 80' lang='lat' dir='ltr'>-ciol</span> <span class='ocrx_word' id='word_1_205' title='bbox 784 1710 872 1738; x_wconf 65' lang='lat' dir='ltr'>cod„-</span> <span class='ocrx_word' id='word_1_206' title='bbox 886 1703 960 1738; x_wconf 64' lang='lat' dir='ltr'>icio.</span> 
     </span>
    </p>
   </div>
   <div class='ocr_carea' id='block_1_13' title="bbox 492 1793 1826 2857">
    <p class='ocr_par' dir='ltr' id='par_1_19' title="bbox 492 1793 1826 2857">
     <span class='ocr_line' id='line_1_27' title="bbox 576 1793 1824 1837; baseline -0.002 -10"><span class='ocrx_word' id='word_1_207' title='bbox 576 1795 605 1827; x_wconf 77' lang='lat'>3.</span> <span class='ocrx_word' id='word_1_208' title='bbox 635 1794 688 1837; x_wconf 84' lang='lat' dir='ltr'>Cf.</span> <span class='ocrx_word' id='word_1_209' title='bbox 707 1794 805 1826; x_wconf 87' lang='lat' dir='ltr'>Duns</span> <span class='ocrx_word' id='word_1_210' title='bbox 824 1795 957 1834; x_wconf 81' lang='lat' dir='ltr'>Scotus,</span> <span class='ocrx_word' id='word_1_211' title='bbox 985 1794 1216 1833; x_wconf 83' lang='lat' dir='ltr'>Quaestiones</span> <span class='ocrx_word' id='word_1_212' title='bbox 1238 1793 1484 1836; x_wconf 78' lang='lat' dir='ltr'>quotlibetales</span> <span class='ocrx_word' id='word_1_213' title='bbox 1504 1795 1646 1834; x_wconf 83' lang='lat' dir='ltr'>Quaest.</span> <span class='ocrx_word' id='word_1_214' title='bbox 1663 1794 1737 1825; x_wconf 89' lang='lat' dir='ltr'>XIII</span> <span class='ocrx_word' id='word_1_215' title='bbox 1758 1794 1824 1826; x_wconf 88' lang='lat' dir='ltr'>init</span> 
     </span>
     <span class='ocr_line' id='line_1_28' title="bbox 504 1840 1825 1883; baseline 0 -11"><span class='ocrx_word' id='word_1_216' title='bbox 504 1841 591 1882; x_wconf 87' lang='lat' dir='ltr'>(Ed.</span> <span class='ocrx_word' id='word_1_217' title='bbox 605 1841 756 1873; x_wconf 85' lang='lat' dir='ltr'>Venetiis</span> <span class='ocrx_word' id='word_1_218' title='bbox 773 1842 861 1873; x_wconf 85' lang='lat'><em>1497</em></span> <span class='ocrx_word' id='word_1_219' title='bbox 875 1850 945 1882; x_wconf 85' lang='lat' dir='ltr'>per</span> <span class='ocrx_word' id='word_1_220' title='bbox 962 1840 1137 1873; x_wconf 88' lang='lat' dir='ltr'>Bonetum</span> <span class='ocrx_word' id='word_1_221' title='bbox 1157 1841 1375 1874; x_wconf 85' lang='lat' dir='ltr'>Locatellunz</span> <span class='ocrx_word' id='word_1_222' title='bbox 1396 1841 1716 1883; x_wconf 82' lang='lat' dir='ltr'>Bergomensemf.</span> <span class='ocrx_word' id='word_1_223' title='bbox 1734 1841 1825 1881; x_wconf 64' lang='lat'>317:</span> 
     </span>
     <span class='ocr_line' id='line_1_29' title="bbox 504 1887 1824 1929; baseline -0.001 -11"><span class='ocrx_word' id='word_1_224' title='bbox 504 1888 552 1919; x_wconf 88' lang='lat' dir='ltr'>Et</span> <span class='ocrx_word' id='word_1_225' title='bbox 582 1892 661 1919; x_wconf 80' lang='lat' dir='ltr'>erat</span> <span class='ocrx_word' id='word_1_226' title='bbox 693 1887 852 1929; x_wconf 81' lang='lat' dir='ltr'>quaestio</span> <span class='ocrx_word' id='word_1_227' title='bbox 886 1888 1082 1919; x_wconf 83' lang='lat' dir='ltr'>communis</span> <span class='ocrx_word' id='word_1_228' title='bbox 1116 1888 1213 1919; x_wconf 82' lang='lat' dir='ltr'>omni</span> <span class='ocrx_word' id='word_1_229' title='bbox 1244 1889 1376 1921; x_wconf 88' lang='lat' dir='ltr'>viventi</span> <span class='ocrx_word' id='word_1_230' title='bbox 1409 1888 1476 1919; x_wconf 86' lang='lat' dir='ltr'>hac</span> <span class='ocrx_word' id='word_1_231' title='bbox 1501 1888 1577 1920; x_wconf 87' lang='lat' dir='ltr'>vita</span> <span class='ocrx_word' id='word_1_232' title='bbox 1611 1888 1665 1920; x_wconf 80' lang='lat' dir='ltr'>vel</span> <span class='ocrx_word' id='word_1_233' title='bbox 1691 1887 1764 1925; x_wconf 88' lang='lat' dir='ltr'>illa,</span> <span class='ocrx_word' id='word_1_234' title='bbox 1791 1891 1824 1917; x_wconf 89' lang='lat' dir='ltr'>et</span> 
     </span>
     <span class='ocr_line' id='line_1_30' title="bbox 503 1933 1826 1977; baseline -0.001 -12"><span class='ocrx_word' id='word_1_235' title='bbox 503 1938 582 1965; x_wconf 83' lang='lat' dir='ltr'>erat</span> <span class='ocrx_word' id='word_1_236' title='bbox 601 1934 690 1968; x_wconf 85' lang='lat' dir='ltr'>ista.-</span> <span class='ocrx_word' id='word_1_237' title='bbox 717 1934 843 1965; x_wconf 86' lang='lat' dir='ltr'>Utrum</span> <span class='ocrx_word' id='word_1_238' title='bbox 863 1938 964 1966; x_wconf 86' lang='lat' dir='ltr'>actus</span> <span class='ocrx_word' id='word_1_239' title='bbox 982 1934 1218 1976; x_wconf 78' lang='lat' dir='ltr'>cognoscendi</span> <span class='ocrx_word' id='word_1_240' title='bbox 1235 1939 1268 1966; x_wconf 87' lang='lat' dir='ltr'>et</span> <span class='ocrx_word' id='word_1_241' title='bbox 1285 1934 1479 1977; x_wconf 86' lang='lat' dir='ltr'>appetendi</span> <span class='ocrx_word' id='word_1_242' title='bbox 1496 1934 1567 1966; x_wconf 88' lang='lat' dir='ltr'>sint</span> <span class='ocrx_word' id='word_1_243' title='bbox 1585 1933 1826 1966; x_wconf 78' lang='lat' dir='ltr'>essentialiter</span> 
     </span>
     <span class='ocr_line' id='line_1_31' title="bbox 504 1980 1822 2023; baseline -0.002 -11"><span class='ocrx_word' id='word_1_244' title='bbox 504 1980 670 2019; x_wconf 83' lang='lat' dir='ltr'>absoluti,</span> <span class='ocrx_word' id='word_1_245' title='bbox 696 1981 750 2012; x_wconf 82' lang='lat' dir='ltr'>vel</span> <span class='ocrx_word' id='word_1_246' title='bbox 776 1981 1013 2013; x_wconf 87' lang='lat' dir='ltr'>essentialiter</span> <span class='ocrx_word' id='word_1_247' title='bbox 1040 1981 1193 2013; x_wconf 84' lang='lat' dir='ltr'>relativi.</span> <span class='ocrx_word' id='word_1_248' title='bbox 1230 1983 1418 2023; x_wconf 76' lang='lat' dir='ltr'>Arguitur,</span> <span class='ocrx_word' id='word_1_249' title='bbox 1446 1981 1540 2023; x_wconf 76' lang='lat' dir='ltr'>quod</span> <span class='ocrx_word' id='word_1_250' title='bbox 1566 1980 1716 2019; x_wconf 83' lang='lat' dir='ltr'>relativi,</span> <span class='ocrx_word' id='word_1_251' title='bbox 1743 1980 1822 2021; x_wconf 86' lang='lat' dir='ltr'>quia</span> 
     </span>
     <span class='ocr_line' id='line_1_32' title="bbox 504 2026 1824 2071; baseline -0.001 -14"><span class='ocrx_word' id='word_1_252' title='bbox 504 2027 587 2058; x_wconf 89' lang='lat' dir='ltr'>talis</span> <span class='ocrx_word' id='word_1_253' title='bbox 620 2031 723 2059; x_wconf 88' lang='lat' dir='ltr'>actus</span> <span class='ocrx_word' id='word_1_254' title='bbox 757 2037 825 2059; x_wconf 82' lang='lat' dir='ltr'>non</span> <span class='ocrx_word' id='word_1_255' title='bbox 860 2031 982 2068; x_wconf 85' lang='lat' dir='ltr'>potest</span> <span class='ocrx_word' id='word_1_256' title='bbox 1013 2027 1174 2071; x_wconf 83' lang='lat' dir='ltr'>intelligi,</span> <span class='ocrx_word' id='word_1_257' title='bbox 1214 2028 1279 2059; x_wconf 90' lang='lat' dir='ltr'>nisi</span> <span class='ocrx_word' id='word_1_258' title='bbox 1316 2027 1586 2070; x_wconf 77' lang='lat' dir='ltr'>cointelligendo</span> <span class='ocrx_word' id='word_1_259' title='bbox 1620 2026 1824 2065; x_wconf 85' lang='lat' dir='ltr'>terminum,</span> 
     </span>
     <span class='ocr_line' id='line_1_33' title="bbox 503 2073 1823 2117; baseline 0.001 -14"><span class='ocrx_word' id='word_1_260' title='bbox 503 2073 705 2105; x_wconf 86' lang='lat' dir='ltr'>absolutum</span> <span class='ocrx_word' id='word_1_261' title='bbox 726 2077 845 2106; x_wconf 86' lang='lat' dir='ltr'>autem</span> <span class='ocrx_word' id='word_1_262' title='bbox 867 2077 988 2115; x_wconf 81' lang='lat' dir='ltr'>potest</span> <span class='ocrx_word' id='word_1_263' title='bbox 1005 2074 1157 2115; x_wconf 75' lang='lat' dir='ltr'>intelligi</span> <span class='ocrx_word' id='word_1_264' title='bbox 1184 2084 1251 2106; x_wconf 87' lang='lat' dir='ltr'>non</span> <span class='ocrx_word' id='word_1_265' title='bbox 1277 2074 1553 2117; x_wconf 82' lang='lat' dir='ltr'>cointelligendo</span> <span class='ocrx_word' id='word_1_266' title='bbox 1573 2098 1580 2105; x_wconf 92' lang='lat'>.</span> <span class='ocrx_word' id='word_1_267' title='bbox 1601 2098 1608 2105; x_wconf 93' lang='lat'><strong><em>.</em></strong></span> <span class='ocrx_word' id='word_1_268' title='bbox 1628 2100 1634 2106; x_wconf 94' lang='lat'>.</span> <span class='ocrx_word' id='word_1_269' title='bbox 1658 2073 1823 2104; x_wconf 84' lang='lat' dir='ltr'>Contra</span> 
     </span>
     <span class='ocr_line' id='line_1_34' title="bbox 504 2120 1824 2162; baseline 0 -12"><span class='ocrx_word' id='word_1_270' title='bbox 504 2120 611 2151; x_wconf 92' lang='lat' dir='ltr'>talis</span> <span class='ocrx_word' id='word_1_271' title='bbox 650 2124 775 2152; x_wconf 89' lang='lat' dir='ltr'>actus</span> <span class='ocrx_word' id='word_1_272' title='bbox 814 2124 878 2152; x_wconf 82' lang='lat' dir='ltr'>est</span> <span class='ocrx_word' id='word_1_273' title='bbox 914 2120 1131 2162; x_wconf 79' lang='lat' dir='ltr'>qualitas,</span> <span class='ocrx_word' id='word_1_274' title='bbox 1171 2121 1310 2152; x_wconf 85' lang='lat' dir='ltr'>omnis</span> <span class='ocrx_word' id='word_1_275' title='bbox 1348 2125 1491 2153; x_wconf 85' lang='lat' dir='ltr'>autem</span> <span class='ocrx_word' id='word_1_276' title='bbox 1525 2120 1724 2161; x_wconf 79' lang='lat' dir='ltr'>qualitas</span> <span class='ocrx_word' id='word_1_277' title='bbox 1757 2123 1824 2151; x_wconf 89' lang='lat' dir='ltr'>est</span> 
     </span>
     <span class='ocr_line' id='line_1_35' title="bbox 492 2166 1824 2208; baseline -0.002 -10"><span class='ocrx_word' id='word_1_278' title='bbox 492 2166 646 2207; x_wconf 84' lang='lat' dir='ltr'>forma</span> <span class='ocrx_word' id='word_1_279' title='bbox 681 2166 951 2208; x_wconf 85' lang='lat' dir='ltr'>simpliciter</span> <span class='ocrx_word' id='word_1_280' title='bbox 981 2167 1198 2199; x_wconf 85' lang='lat' dir='ltr'>absoluta.</span> <span class='ocrx_word' id='word_1_281' title='bbox 1323 2166 1372 2198; x_wconf 77' lang='lat'>16.</span> <span class='ocrx_word' id='word_1_282' title='bbox 1409 2167 1460 2208; x_wconf 90' lang='lat' dir='ltr'>Cf.</span> <span class='ocrx_word' id='word_1_283' title='bbox 1489 2166 1645 2198; x_wconf 87' lang='lat' dir='ltr'>Anselmi</span> <span class='ocrx_word' id='word_1_284' title='bbox 1673 2166 1824 2197; x_wconf 83' lang='lat' dir='ltr'>Cantua—</span> 
     </span>
     <span class='ocr_line' id='line_1_36' title="bbox 503 2212 1825 2257; baseline -0.001 -14"><span class='ocrx_word' id='word_1_285' title='bbox 503 2212 625 2243; x_wconf 82' lang='lat' dir='ltr'>riensis</span> <span class='ocrx_word' id='word_1_286' title='bbox 651 2212 786 2254; x_wconf 84' lang='lat' dir='ltr'>Dialog.</span> <span class='ocrx_word' id='word_1_287' title='bbox 814 2213 856 2243; x_wconf 83' lang='lat' dir='ltr'>de</span> <span class='ocrx_word' id='word_1_288' title='bbox 874 2213 1026 2244; x_wconf 79' lang='lat' dir='ltr'>Veritate</span> <span class='ocrx_word' id='word_1_289' title='bbox 1054 2212 1129 2244; x_wconf 81' lang='lat' dir='ltr'>Lib.</span> <span class='ocrx_word' id='word_1_290' title='bbox 1157 2223 1231 2255; x_wconf 84' lang='lat' dir='ltr'>cap.</span> <span class='ocrx_word' id='word_1_291' title='bbox 1246 2214 1321 2244; x_wconf 86' lang='lat' dir='ltr'>VIII</span> <span class='ocrx_word' id='word_1_292' title='bbox 1349 2213 1491 2257; x_wconf 78' lang='lat' dir='ltr'>(Migne</span> <span class='ocrx_word' id='word_1_293' title='bbox 1521 2213 1685 2253; x_wconf 89' lang='lat' dir='ltr'><em>CLVIII,</em></span> <span class='ocrx_word' id='word_1_294' title='bbox 1712 2213 1825 2252; x_wconf 81' lang='lat'><em>476).-</em></span> 
     </span>
     <span class='ocr_line' id='line_1_37' title="bbox 503 2258 1825 2301; baseline 0.001 -12"><span class='ocrx_word' id='word_1_295' title='bbox 503 2258 630 2291; x_wconf 81' lang='lat' dir='ltr'>Multis</span> <span class='ocrx_word' id='word_1_296' title='bbox 657 2259 747 2291; x_wconf 85' lang='lat' dir='ltr'>eninz</span> <span class='ocrx_word' id='word_1_297' title='bbox 777 2258 891 2291; x_wconf 85' lang='lat' dir='ltr'>modis</span> <span class='ocrx_word' id='word_1_298' title='bbox 917 2260 1040 2292; x_wconf 88' lang='lat' dir='ltr'>eadem</span> <span class='ocrx_word' id='word_1_299' title='bbox 1070 2269 1124 2291; x_wconf 80' lang='lat' dir='ltr'>res</span> <span class='ocrx_word' id='word_1_300' title='bbox 1151 2260 1296 2301; x_wconf 79' lang='lat' dir='ltr'>suscipit</span> <span class='ocrx_word' id='word_1_301' title='bbox 1314 2260 1463 2292; x_wconf 86' lang='lat' dir='ltr'>diversis</span> <span class='ocrx_word' id='word_1_302' title='bbox 1482 2259 1825 2292; x_wconf 82' lang='lat' dir='ltr'>considerationibus</span> 
     </span>
     <span class='ocr_line' id='line_1_38' title="bbox 502 2305 1824 2349; baseline 0.001 -13"><span class='ocrx_word' id='word_1_303' title='bbox 502 2306 710 2338; x_wconf 85' lang='lat' dir='ltr'>contraria:</span> <span class='ocrx_word' id='word_1_304' title='bbox 753 2305 856 2344; x_wconf 78' lang='lat' dir='ltr'>Quod</span> <span class='ocrx_word' id='word_1_305' title='bbox 889 2305 921 2337; x_wconf 87' lang='lat' dir='ltr'>in</span> <span class='ocrx_word' id='word_1_306' title='bbox 950 2306 1091 2338; x_wconf 88' lang='lat' dir='ltr'>actione</span> <span class='ocrx_word' id='word_1_307' title='bbox 1116 2316 1221 2347; x_wconf 84' lang='lat' dir='ltr'>saepe</span> <span class='ocrx_word' id='word_1_308' title='bbox 1246 2306 1436 2349; x_wconf 76' lang='lat' dir='ltr'>contingit,</span> <span class='ocrx_word' id='word_1_309' title='bbox 1463 2311 1500 2338; x_wconf 88' lang='lat' dir='ltr'>ut</span> <span class='ocrx_word' id='word_1_310' title='bbox 1526 2307 1561 2338; x_wconf 93' lang='lat' dir='ltr'>in</span> <span class='ocrx_word' id='word_1_311' title='bbox 1581 2305 1824 2348; x_wconf 80' lang='lat' dir='ltr'>percussione.</span> 
     </span>
     <span class='ocr_line' id='line_1_39' title="bbox 503 2351 1825 2395; baseline -0.001 -11"><span class='ocrx_word' id='word_1_312' title='bbox 503 2351 692 2384; x_wconf 87' lang='lat' dir='ltr'>Percussio</span> <span class='ocrx_word' id='word_1_313' title='bbox 720 2361 871 2394; x_wconf 80' lang='lat' dir='ltr'>namque</span> <span class='ocrx_word' id='word_1_314' title='bbox 897 2356 931 2384; x_wconf 91' lang='lat' dir='ltr'>et</span> <span class='ocrx_word' id='word_1_315' title='bbox 957 2353 1098 2394; x_wconf 83' lang='lat' dir='ltr'>agentis</span> <span class='ocrx_word' id='word_1_316' title='bbox 1123 2357 1157 2385; x_wconf 85' lang='lat' dir='ltr'>et</span> <span class='ocrx_word' id='word_1_317' title='bbox 1175 2353 1370 2395; x_wconf 87' lang='lat' dir='ltr'>patientis.-</span> <span class='ocrx_word' id='word_1_318' title='bbox 1397 2353 1488 2385; x_wconf 88' lang='lat' dir='ltr'>unde</span> <span class='ocrx_word' id='word_1_319' title='bbox 1514 2357 1548 2385; x_wconf 89' lang='lat' dir='ltr'>et</span> <span class='ocrx_word' id='word_1_320' title='bbox 1573 2352 1670 2384; x_wconf 88' lang='lat' dir='ltr'>actio</span> <span class='ocrx_word' id='word_1_321' title='bbox 1696 2351 1766 2384; x_wconf 87' lang='lat' dir='ltr'>dici</span> <span class='ocrx_word' id='word_1_322' title='bbox 1792 2355 1825 2383; x_wconf 89' lang='lat' dir='ltr'>et</span> 
     </span>
     <span class='ocr_line' id='line_1_40' title="bbox 498 2398 1823 2441; baseline 0 -12"><span class='ocrx_word' id='word_1_323' title='bbox 498 2399 623 2439; x_wconf 87' lang='lat' dir='ltr'>passio</span> <span class='ocrx_word' id='word_1_324' title='bbox 645 2402 774 2439; x_wconf 87' lang='lat' dir='ltr'>potest,</span> <span class='ocrx_word' id='word_1_325' title='bbox 802 2398 974 2441; x_wconf 79' lang='lat' dir='ltr'>quamvis,</span> <span class='ocrx_word' id='word_1_326' title='bbox 1009 2399 1199 2431; x_wconf 82' lang='lat' dir='ltr'>secundum</span> <span class='ocrx_word' id='word_1_327' title='bbox 1233 2400 1346 2440; x_wconf 81' lang='lat' dir='ltr'>ipsum</span> <span class='ocrx_word' id='word_1_328' title='bbox 1374 2409 1513 2440; x_wconf 85' lang='lat' dir='ltr'>nomen,</span> <span class='ocrx_word' id='word_1_329' title='bbox 1547 2399 1638 2431; x_wconf 86' lang='lat' dir='ltr'>actio</span> <span class='ocrx_word' id='word_1_330' title='bbox 1665 2398 1720 2430; x_wconf 88' lang='lat' dir='ltr'>vel</span> <span class='ocrx_word' id='word_1_331' title='bbox 1741 2407 1823 2440; x_wconf 88' lang='lat' dir='ltr'>per-</span> 
     </span>
     <span class='ocr_line' id='line_1_41' title="bbox 504 2444 1825 2488; baseline 0 -12"><span class='ocrx_word' id='word_1_332' title='bbox 504 2445 628 2483; x_wconf 86' lang='lat' dir='ltr'>cussio,</span> <span class='ocrx_word' id='word_1_333' title='bbox 654 2449 687 2477; x_wconf 88' lang='lat' dir='ltr'>et</span> <span class='ocrx_word' id='word_1_334' title='bbox 713 2454 801 2486; x_wconf 84' lang='lat' dir='ltr'>quae</span> <span class='ocrx_word' id='word_1_335' title='bbox 826 2444 991 2477; x_wconf 83' lang='lat' dir='ltr'>similiter</span> <span class='ocrx_word' id='word_1_336' title='bbox 1015 2445 1112 2477; x_wconf 84' lang='lat' dir='ltr'>dicta</span> <span class='ocrx_word' id='word_1_337' title='bbox 1141 2456 1162 2477; x_wconf 92' lang='lat' dir='ltr'>a</span> <span class='ocrx_word' id='word_1_338' title='bbox 1182 2446 1332 2488; x_wconf 86' lang='lat' dir='ltr'>passiva</span> <span class='ocrx_word' id='word_1_339' title='bbox 1360 2446 1392 2477; x_wconf 89' lang='lat' dir='ltr'>in</span> <span class='ocrx_word' id='word_1_340' title='bbox 1420 2447 1536 2478; x_wconf 87' lang='lat' dir='ltr'>activa</span> <span class='ocrx_word' id='word_1_341' title='bbox 1563 2445 1825 2488; x_wconf 85' lang='lat' dir='ltr'>significatione</span> 
     </span>
     <span class='ocr_line' id='line_1_42' title="bbox 503 2490 1824 2534; baseline 0.001 -12"><span class='ocrx_word' id='word_1_342' title='bbox 503 2490 685 2529; x_wconf 84' lang='lat' dir='ltr'>dicuntur,</span> <span class='ocrx_word' id='word_1_343' title='bbox 713 2491 827 2533; x_wconf 82' lang='lat' dir='ltr'>magis</span> <span class='ocrx_word' id='word_1_344' title='bbox 853 2492 1044 2523; x_wconf 86' lang='lat' dir='ltr'>videantur</span> <span class='ocrx_word' id='word_1_345' title='bbox 1070 2502 1142 2525; x_wconf 88' lang='lat' dir='ltr'>esse</span> <span class='ocrx_word' id='word_1_346' title='bbox 1164 2492 1337 2534; x_wconf 86' lang='lat' dir='ltr'>patientis</span> <span class='ocrx_word' id='word_1_347' title='bbox 1363 2502 1468 2533; x_wconf 84' lang='lat' dir='ltr'>quam</span> <span class='ocrx_word' id='word_1_348' title='bbox 1496 2492 1644 2534; x_wconf 78' lang='lat' dir='ltr'>agentis.</span> <span class='ocrx_word' id='word_1_349' title='bbox 1684 2491 1824 2534; x_wconf 81' lang='lat' dir='ltr'>Quippe</span> 
     </span>
     <span class='ocr_line' id='line_1_43' title="bbox 503 2537 1823 2580; baseline 0 -12"><span class='ocrx_word' id='word_1_350' title='bbox 503 2537 694 2569; x_wconf 83' lang='lat' dir='ltr'>secundum</span> <span class='ocrx_word' id='word_1_351' title='bbox 728 2537 774 2576; x_wconf 86' lang='lat' dir='ltr'>id,</span> <span class='ocrx_word' id='word_1_352' title='bbox 807 2538 900 2578; x_wconf 79' lang='lat' dir='ltr'>quoa</span> <span class='ocrx_word' id='word_1_353' title='bbox 931 2537 1019 2580; x_wconf 80' lang='lat' dir='ltr'>agit,</span> <span class='ocrx_word' id='word_1_354' title='bbox 1051 2539 1165 2580; x_wconf 83' lang='lat' dir='ltr'>magis</span> <span class='ocrx_word' id='word_1_355' title='bbox 1191 2539 1343 2580; x_wconf 87' lang='lat' dir='ltr'>proprie</span> <span class='ocrx_word' id='word_1_356' title='bbox 1368 2538 1535 2570; x_wconf 86' lang='lat' dir='ltr'>videntur</span> <span class='ocrx_word' id='word_1_357' title='bbox 1561 2538 1632 2570; x_wconf 87' lang='lat' dir='ltr'>dici</span> <span class='ocrx_word' id='word_1_358' title='bbox 1658 2537 1823 2580; x_wconf 82' lang='lat' dir='ltr'>agentia</span> 
     </span>
     <span class='ocr_line' id='line_1_44' title="bbox 503 2583 1823 2626; baseline 0 -11"><span class='ocrx_word' id='word_1_359' title='bbox 503 2583 557 2615; x_wconf 84' lang='lat' dir='ltr'>vel</span> <span class='ocrx_word' id='word_1_360' title='bbox 577 2584 841 2626; x_wconf 84' lang='lat' dir='ltr'>percutientia</span> <span class='ocrx_word' id='word_1_361' title='bbox 868 2588 903 2616; x_wconf 88' lang='lat' dir='ltr'>et</span> <span class='ocrx_word' id='word_1_362' title='bbox 929 2584 1120 2616; x_wconf 85' lang='lat' dir='ltr'>secundum</span> <span class='ocrx_word' id='word_1_363' title='bbox 1150 2584 1196 2624; x_wconf 83' lang='lat' dir='ltr'>id,</span> <span class='ocrx_word' id='word_1_364' title='bbox 1224 2585 1317 2625; x_wconf 84' lang='lat' dir='ltr'>quod</span> <span class='ocrx_word' id='word_1_365' title='bbox 1337 2585 1491 2626; x_wconf 85' lang='lat' dir='ltr'>patitur,</span> <span class='ocrx_word' id='word_1_366' title='bbox 1523 2585 1637 2617; x_wconf 87' lang='lat' dir='ltr'>actio</span> <span class='ocrx_word' id='word_1_367' title='bbox 1663 2584 1718 2616; x_wconf 89' lang='lat' dir='ltr'>vel</span> <span class='ocrx_word' id='word_1_368' title='bbox 1736 2593 1823 2626; x_wconf 85' lang='lat' dir='ltr'>per-</span> 
     </span>
     <span class='ocr_line' id='line_1_45' title="bbox 503 2629 1824 2674; baseline 0 -13"><span class='ocrx_word' id='word_1_369' title='bbox 503 2630 646 2662; x_wconf 88' lang='lat' dir='ltr'>cussio.</span> <span class='ocrx_word' id='word_1_370' title='bbox 685 2629 780 2662; x_wconf 85' lang='lat' dir='ltr'>Nam</span> <span class='ocrx_word' id='word_1_371' title='bbox 815 2631 961 2672; x_wconf 79' lang='lat' dir='ltr'>agentia</span> <span class='ocrx_word' id='word_1_372' title='bbox 994 2635 1027 2663; x_wconf 89' lang='lat' dir='ltr'>et</span> <span class='ocrx_word' id='word_1_373' title='bbox 1051 2632 1292 2672; x_wconf 84' lang='lat' dir='ltr'>percutientia</span> <span class='ocrx_word' id='word_1_374' title='bbox 1320 2632 1364 2663; x_wconf 86' lang='lat' dir='ltr'>ab</span> <span class='ocrx_word' id='word_1_375' title='bbox 1391 2636 1519 2674; x_wconf 79' lang='lat' dir='ltr'>agente</span> <span class='ocrx_word' id='word_1_376' title='bbox 1546 2636 1579 2663; x_wconf 88' lang='lat' dir='ltr'>et</span> <span class='ocrx_word' id='word_1_377' title='bbox 1598 2630 1824 2673; x_wconf 87' lang='lat' dir='ltr'>percutiente</span> 
     </span>
     <span class='ocr_line' id='line_1_46' title="bbox 503 2675 1822 2719; baseline 0.002 -13"><span class='ocrx_word' id='word_1_378' title='bbox 503 2675 671 2708; x_wconf 82' lang='lat' dir='ltr'>dicuntur</span> <span class='ocrx_word' id='word_1_379' title='bbox 689 2676 1038 2718; x_wconf 81' lang='lat' dir='ltr'>(sicutprovidentia</span> <span class='ocrx_word' id='word_1_380' title='bbox 1065 2687 1088 2709; x_wconf 90' lang='lat' dir='ltr'>a</span> <span class='ocrx_word' id='word_1_381' title='bbox 1108 2677 1330 2719; x_wconf 82' lang='lat' dir='ltr'>providente,</span> <span class='ocrx_word' id='word_1_382' title='bbox 1357 2681 1389 2709; x_wconf 92' lang='lat' dir='ltr'>et</span> <span class='ocrx_word' id='word_1_383' title='bbox 1416 2678 1634 2710; x_wconf 87' lang='lat' dir='ltr'>continentia</span> <span class='ocrx_word' id='word_1_384' title='bbox 1662 2687 1683 2708; x_wconf 92' lang='lat' dir='ltr'>a</span> <span class='ocrx_word' id='word_1_385' title='bbox 1711 2676 1822 2709; x_wconf 86' lang='lat' dir='ltr'>conti-</span> 
     </span>
     <span class='ocr_line' id='line_1_47' title="bbox 504 2723 1822 2767; baseline 0.001 -14"><span class='ocrx_word' id='word_1_386' title='bbox 504 2725 632 2763; x_wconf 86' lang='lat' dir='ltr'>nente),</span> <span class='ocrx_word' id='word_1_387' title='bbox 659 2732 759 2764; x_wconf 86' lang='lat' dir='ltr'>quae,</span> <span class='ocrx_word' id='word_1_388' title='bbox 785 2723 916 2755; x_wconf 89' lang='lat' dir='ltr'>scilicet</span> <span class='ocrx_word' id='word_1_389' title='bbox 941 2733 1052 2766; x_wconf 75' lang='lat' dir='ltr'>agens</span> <span class='ocrx_word' id='word_1_390' title='bbox 1078 2729 1111 2756; x_wconf 90' lang='lat' dir='ltr'>et</span> <span class='ocrx_word' id='word_1_391' title='bbox 1134 2724 1560 2767; x_wconf 80' lang='lat' dir='ltr'>percutiens,providens</span> <span class='ocrx_word' id='word_1_392' title='bbox 1578 2729 1611 2755; x_wconf 90' lang='lat' dir='ltr'>et</span> <span class='ocrx_word' id='word_1_393' title='bbox 1628 2723 1822 2762; x_wconf 86' lang='lat' dir='ltr'>continens,</span> 
     </span>
     <span class='ocr_line' id='line_1_48' title="bbox 503 2769 1822 2812; baseline 0 -12"><span class='ocrx_word' id='word_1_394' title='bbox 503 2769 623 2800; x_wconf 83' lang='lat' dir='ltr'>activa</span> <span class='ocrx_word' id='word_1_395' title='bbox 652 2773 751 2808; x_wconf 89' lang='lat' dir='ltr'>sunt‚·</span> <span class='ocrx_word' id='word_1_396' title='bbox 783 2770 876 2802; x_wconf 88' lang='lat' dir='ltr'>actio</span> <span class='ocrx_word' id='word_1_397' title='bbox 903 2779 987 2802; x_wconf 86' lang='lat' dir='ltr'>vero</span> <span class='ocrx_word' id='word_1_398' title='bbox 1016 2775 1049 2802; x_wconf 88' lang='lat' dir='ltr'>et</span> <span class='ocrx_word' id='word_1_399' title='bbox 1074 2771 1260 2812; x_wconf 82' lang='lat' dir='ltr'>percussio</span> <span class='ocrx_word' id='word_1_400' title='bbox 1288 2771 1331 2802; x_wconf 86' lang='lat' dir='ltr'>ab</span> <span class='ocrx_word' id='word_1_401' title='bbox 1359 2775 1440 2802; x_wconf 82' lang='lat' dir='ltr'>acto</span> <span class='ocrx_word' id='word_1_402' title='bbox 1467 2778 1501 2802; x_wconf 84' lang='lat' dir='ltr'>et</span> <span class='ocrx_word' id='word_1_403' title='bbox 1525 2780 1706 2812; x_wconf 87' lang='lat' dir='ltr'>percusso,</span> <span class='ocrx_word' id='word_1_404' title='bbox 1733 2779 1822 2810; x_wconf 84' lang='lat' dir='ltr'>quae</span> 
     </span>
     <span class='ocr_line' id='line_1_49' title="bbox 497 2816 1016 2857; baseline 0.008 -11"><span class='ocrx_word' id='word_1_405' title='bbox 497 2816 648 2857; x_wconf 83' lang='lat' dir='ltr'>passiva</span> <span class='ocrx_word' id='word_1_406' title='bbox 675 2820 767 2855; x_wconf 84' lang='lat' dir='ltr'>sunt,</span> <span class='ocrx_word' id='word_1_407' title='bbox 795 2816 1016 2850; x_wconf 79' lang='lat' dir='ltr'>derivantur.</span> 
     </span>
    </p>
   </div>
  </div>
 </body>
</html>
