2056 3234
153 1111 188 1143 15

149 1411 190 1431 20

208 188 295 216 CAP·
318 189 368 216 IX·
552 192 609 222 DE
638 191 758 222 ENTE
791 192 1209 224 PREDICAMENTALI.

208 300 257 335 ad
290 298 489 343 accidens,
523 299 584 334 vel
617 300 666 334 ad
712 297 979 346 quantitatem
1013 299 1073 334 vel
1105 301 1155 335 ad
1188 300 1438 348 qualitatem.
1480 301 1519 337 Si

208 358 257 393 ad
290 356 540 405 qualitatem,
574 357 635 392 vel
668 357 717 391 ad
753 355 1070 404 magnitudinem
1102 357 1209 404 passi
1241 358 1301 394 vel
1334 360 1383 394 ad
1416 359 1520 395 loca-

208 415 364 451 cionem
409 413 528 462 passi,
563 423 599 450 et
640 413 695 450 sic
739 426 865 462 usque
905 414 953 450 ad
998 414 1172 461 speciem
1218 415 1446 452 sensitivam
1482 416 1520 452 in

208 484 463 520 quocumque
498 473 696 517 membro,
730 480 773 508 ut
805 480 914 519 patet
948 473 995 508 de
1028 472 1237 519 speciebus
1273 482 1419 510 motus,

264 530 440 566 Infinitas
465 538 597 566 autern
632 529 883 566 differencias
907 529 1173 567 accidentales
1207 531 1373 579 suscipit
1397 544 1520 579 genus

207 587 396 635 accionis,
443 587 545 624 sicut
590 587 787 636 quotlibet
829 587 937 623 aliud
982 599 1124 635 genus3
1170 588 1260 625 ideo
1305 598 1364 626 est
1409 602 1520 626 error

208 659 375 693 magnus
408 645 448 681 in
483 645 722 682 differenciis
757 644 1043 682 essencialibus
1077 646 1240 694 agencie
1276 660 1519 696 cognoscen-

207 703 265 739 dis
307 716 328 739 a
373 703 612 739 differenciis
652 703 979 749 accidentalibus,
1025 712 1062 739 et
1101 703 1155 740 ita
1189 705 1382 754 contingit
1428 719 1520 742 con-

206 761 449 798 stituendam
496 774 581 797 esse
614 761 821 809 agenciam
868 770 1124 809 aggregatam
1160 775 1203 798 ex
1236 763 1409 811 agenciis
1443 763 1520 800 dis-

207 819 363 867 parium
399 819 622 865 racionum,
669 828 713 856 ut
745 827 802 855 est
831 814 835 871 Ι
865 820 912 855 de
946 820 1155 856 movencia
1200 821 1374 858 hominis
1408 831 1519 858 motu

206 877 458 925 progressivo
492 886 529 913 et
562 877 697 913 multis
730 876 928 913 similibus
967 886 1003 912 et
1037 878 1219 914 omnium
1252 880 1392 916 talium
1428 893 1518 916 con—

205 935 322 983 tingit
356 934 440 971 fieri
465 935 796 983 proporcionales
821 934 1051 981 divisiones,
1085 944 1127 971 ut
1160 937 1417 984 agenciarum
1445 938 1516 974 Dei

206 995 375 1041 quedam
412 1002 469 1029 est
502 995 551 1029 ad
583 993 687 1029 intra
722 1002 759 1029 et
792 994 965 1041 quedam
999 995 1049 1029 ad
1082 1002 1202 1031 extra.
1242 997 1290 1031 Et
1331 997 1379 1032 ad
1413 995 1517 1032 intra

206 1052 378 1099 quedam
412 1051 680 1087 terminantur
713 1052 763 1087 ad
797 1051 1033 1098 ypostasim,
1066 1060 1110 1087 ut
1142 1053 1412 1100 producencia
1446 1066 1517 1101 per

206 1122 258 1155 se,
293 1111 465 1156 quedam
517 1110 566 1145 ad
599 1121 683 1145 rem
718 1118 838 1145 extra.
884 1111 932 1144 Et
965 1109 1105 1145 talium
1153 1111 1517 1158 producenciarum

206 1167 378 1215 quedam
414 1175 470 1202 est
503 1167 709 1212 naturalis,
735 1168 957 1214 procedens
982 1168 1030 1203 ab
1064 1167 1182 1204 unico
1214 1170 1274 1205 vel
1298 1169 1517 1206 multiceno

206 1224 419 1273 principio,
466 1233 507 1260 ut
541 1224 812 1272 producencia
857 1224 996 1272 patris,
1041 1234 1077 1261 et
1123 1228 1294 1274 quedam
1342 1228 1518 1275 compla-

205 1282 341 1319 cencia
373 1284 594 1330 procedens
628 1284 676 1319 ab
709 1296 789 1319 uno
823 1282 1034 1330 principio,
1068 1292 1110 1319 ut
1133 1284 1333 1331 spirancia
1356 1285 1518 1333 spiritus

206 1340 346 1377 sancti.
392 1340 432 1377 Si
466 1341 515 1376 sit
548 1340 776 1387 intrinseca,
817 1341 1032 1377 terminata
1070 1343 1120 1377 ad
1159 1354 1242 1378 rem
1282 1352 1402 1390 extra,
1444 1345 1518 1380 hoc

205 1408 263 1435 est
295 1399 355 1435 vel
388 1397 658 1446 intelligencia
690 1399 750 1435 vel
782 1398 951 1435 volucio.
998 1401 1046 1435 Et
1079 1400 1150 1435 sub
1183 1401 1392 1437 volucione
1426 1410 1518 1437 sunt

206 1456 539 1504 predestinancia‚
574 1456 820 1504 presciencia
852 1466 889 1493 et
917 1457 1112 1505 quotlibet
1137 1458 1244 1494 talia.
1280 1461 1321 1494 In
1354 1459 1517 1507 agencia

207 1514 276 1551 Dei
301 1516 350 1551 ad
374 1522 483 1551 extra
507 1523 599 1550 sunt
622 1514 817 1562 quotlibet
842 1514 1068 1560 divisiones,
1103 1524 1146 1551 ut
1178 1515 1257 1553 alia
1291 1526 1347 1553 est
1381 1530 1518 1554 crean-

205 1572 278 1617 cia,
313 1572 389 1609 alia
423 1581 481 1608 est
514 1572 876 1620 conproducencia,
918 1572 996 1609 alia
1030 1574 1274 1621 gubernacio
1308 1583 1344 1611 et
1378 1575 1433 1611 sic
1467 1577 1513 1612 de

205 1630 358 1676 ceteris,
405 1642 481 1679 que
526 1630 789 1679 philosophus
833 1630 1070 1667 exercitatus
1115 1640 1245 1679 potest
1291 1642 1429 1669 notare
1475 1647 1518 1669 ex

204 1688 327 1725 tercio
360 1688 559 1736 principio
593 1688 785 1725 causandi
827 1688 1100 1725 differenciam
1141 1690 1328 1737 accionis,
1368 1691 1517 1728 scilicet

204 1755 357 1794 agente,
392 1755 481 1783 acto
515 1755 552 1783 et
585 1748 705 1783 modo
738 1748 798 1783 vel
831 1746 993 1783 racione
1027 1747 1184 1794 agendi.

263 1806 447 1841 Secundo
494 1813 615 1852 patet,
651 1806 759 1853 quod
803 1804 933 1841 onmis
967 1804 1132 1853 agencia
1172 1815 1228 1842 est
1261 1806 1301 1842 in
1335 1815 1446 1843 motu
1481 1816 1517 1843 et

204 1871 380 1899 econtra.
426 1864 501 1899 Pro
536 1862 647 1899 cuius
680 1862 883 1899 intellectu
929 1864 1108 1899 notanda
1142 1873 1199 1899 est
1232 1864 1298 1900 illa
1331 1866 1516 1912 octuplex

204 1920 462 1969 equivocacio
487 1922 534 1957 de
559 1921 700 1957 “esse'’
725 1920 890 1969 inquam
916 1921 1028 1968 ponit
1053 1920 1319 1969 Philosophus
1352 1928 1398 1968 40
1425 1923 1513 1958 Phi-

204 1978 379 2015 sicorum
416 1979 504 2025 230,
540 1978 652 2015 cuius
677 1987 830 2015 sextum
856 1979 1082 2015 membrum
1108 1988 1165 2015 est
1198 1979 1403 2027 pertinens
1427 1994 1516 2028 pro-

204 2036 348 2084 posito.

262 2096 363 2130 Nam
409 2093 538 2130 omnis
571 2094 737 2142 agencia
783 2104 839 2130 est
873 2094 912 2130 in
947 2104 1072 2140 motu,
1119 2104 1160 2131 ut
1192 2095 1232 2131 in
1265 2108 1337 2131 suo
1373 2096 1515 2132 effectu

205 2153 264 2188 vel
296 2152 420 2200 signo,
447 2165 537 2188 cum
571 2152 699 2189 omnis
735 2161 865 2189 motus
890 2152 940 2188 sit
972 2152 1234 2189 infallibiliter
1267 2154 1315 2189 ab
1350 2153 1515 2201 agencia

207 2209 421 2256 moventis;
461 2210 550 2246 ideo
591 2220 723 2247 motus
757 2220 847 2246 sunt
881 2210 993 2258 signa
1027 2210 1229 2246 sensibilia
1262 2210 1515 2259 philosophis

172 2269 254 2304 :aa
299 2268 618 2304 convincendum
661 2268 846 2316 agencias
891 2269 1113 2304 formarum
1157 2268 1419 2313 insensibiles,
1474 2278 1515 2305 ut

208 2328 314 2373 patet
348 2327 395 2362 de
428 2325 719 2373 intelligenciis‚
755 2326 966 2362 animabus
1000 2335 1036 2362 et
1060 2325 1145 2362 aliis
1169 2326 1307 2362 formis
1332 2327 1515 2363 materia-

206 2383 321 2430 libus,
356 2393 393 2419 et
438 2383 492 2420 ita
525 2396 663 2420 omnes
710 2393 841 2420 motus
887 2384 1091 2420 sensibiles
1138 2392 1229 2420 sunt
1268 2384 1308 2419 in
1342 2384 1516 2432 agenciis

208 2441 474 2487 movendum,
510 2451 551 2477 ut
585 2442 623 2477 in
648 2442 728 2478 suis
753 2441 894 2487 causis,
921 2441 1022 2478 sicut
1047 2450 1211 2478 econtra
1234 2441 1364 2477 omnis
1398 2455 1516 2490 agen-

207 2499 266 2535 cia
301 2511 369 2547 per
402 2512 441 2535 se
474 2499 515 2535 in
539 2512 681 2546 genere
715 2509 771 2536 est
806 2499 842 2535 in
879 2508 1003 2546 motu,
1039 2508 1080 2535 ut
1113 2500 1153 2535 in
1186 2512 1258 2535 suo
1283 2500 1423 2535 effectu
1456 2501 1518 2536 vel

277 2675 302 2702 7,
315 2666 340 2694 S.
358 2667 590 2701 cognoscendis]
604 2668 669 2694 cod.
681 2676 690 2692 .·
706 2654 789 2702 ygffffc.
847 2676 886 2694 lo.
903 2667 976 2695 Cod.
988 2677 996 2695 :
1010 2672 1104 2695 moto.
1161 2667 1202 2695 23.
1220 2659 1516 2703 Codsffcffopduss.

279 2772 331 2804 m).
367 2762 418 2803 Cf.
446 2762 547 2793 Arist.
574 2763 648 2794 Nat.
675 2763 779 2794 Ausc.
805 2763 850 2793 lV
878 2764 894 2795 ‘3'
924 2763 973 2803 (4)
1007 2774 1015 2794 1
1048 2763 1129 2801 (Ed.
1157 2763 1239 2796 Par,
1268 2763 1305 2794 II
1330 2764 1411 2801 287,
1439 2763 1516 2803 35¹),

208 2805 307 2847 'qzcem
335 2809 446 2840 locum
469 2809 570 2849 plene
596 2810 848 2849 exscripsimus
876 2819 983 2850 supra
1015 2818 1104 2852 pag.
1131 2810 1190 2848 42,
1218 2814 1278 2840 not
1304 2809 1352 2840 ad
1378 2809 1437 2840 lin.
1465 2812 1515 2841 19.

1550 1821 1574 1840 2.
1597 1813 1793 1851 Concerniug

1594 1853 1694 1886 aetion
1716 1857 1748 1875 as

1608 1888 1735 1910 motum.

1538 2102 1636 2137 Every
1658 2103 1758 2141 action
1781 2103 1805 2129 is

1608 2142 1736 2164 motion.
