2056 3234
259 966 402 995 Solution
422 966 457 994 of

226 1001 307 1029 third
329 1001 481 1037 objection

257 1036 305 1071 (cf.
328 1044 357 1072 p.
380 1044 432 1070 104
451 1056 457 1062 .

280 1071 382 1099 Order
401 1079 419 1098 o

280 1106 430 1133 activities

275 1140 440 1176 (agenciae)

249 1175 416 1211 according
435 1179 465 1202 to

219 1210 299 1238 their
309 1210 494 1247 originality‚

219 1245 300 1273 from
320 1245 369 1272 the
384 1244 497 1273 Father

249 1279 341 1307 down
362 1284 393 1307 to
413 1280 463 1307 the

295 1314 415 1342 created

231 1349 477 1377 manifestations

301 1384 336 1412 of
351 1385 413 1412 will

251 1419 463 1454 (voluciones).

622 804 882 858 CAPUT
920 804 1278 856 TERTIUM
1314 803 1708 859 DECIMUM.
1839 822 1878 855 F.
1898 823 1975 865 217¹

566 961 628 996 Ad
660 958 828 996 tercium
862 966 984 1006 patet,
1019 959 1127 1007 quod
1155 971 1237 995 non
1261 966 1318 994 est
1350 959 1460 995 color
1490 958 1531 994 in
1563 959 1823 997 deduccione.

509 1020 609 1055 Nam
644 1017 775 1065 prima
807 1016 973 1064 agencia
1006 1025 1077 1063 est,
1123 1029 1202 1065 qua
1246 1025 1361 1064 pater
1392 1017 1580 1064 producit
1614 1017 1754 1064 filium,
1788 1027 1825 1055 et

509 1085 599 1124 post
641 1075 770 1123 ipsam
814 1074 1037 1122 agenciam,
1083 1087 1163 1123 qua
1207 1087 1423 1111 commune
1455 1075 1698 1123 principium
1732 1089 1824 1124 pro-

510 1133 619 1170 ducit
651 1132 837 1181 spiritum
885 1140 1084 1178 sanctum,
1134 1141 1171 1169 et
1215 1141 1304 1180 post
1348 1132 1570 1181 agenciam,
1605 1146 1684 1182 qua
1717 1135 1858 1171 Deus5

509 1191 698 1240 producit
730 1190 903 1239 primam
928 1198 1168 1227 creaturam.
1202 1191 1273 1226 Vel
1295 1192 1477 1227 vocando
1498 1191 1728 1228 voluciones
1753 1192 1824 1228 Dei

510 1258 636 1299 actus,
668 1249 760 1285 licet
793 1248 872 1285 sint
903 1247 1123 1285 relaciones
1155 1248 1347 1294 racionis;
1381 1257 1476 1286 tunc
1509 1249 1687 1287 mediant
1720 1249 1825 1287 inter

510 1307 717 1356 agenciam
751 1306 823 1343 Dei
861 1306 1019 1343 adintra
1066 1316 1103 1344 et
1147 1306 1355 1355 agenciam
1389 1306 1461 1343 Dei
1506 1309 1668 1344 adextra
1713 1317 1827 1357 quot-

508 1365 604 1402 libet
635 1364 902 1413 intelligeneie
935 1373 972 1401 et
993 1364 1227 1402 voluciones
1251 1364 1345 1411 Dei3
1380 1374 1416 1401 et
1448 1365 1607 1402 illarum
1642 1375 1699 1402 est
1732 1367 1827 1403 dare

508 1423 719 1472 principia⁷
752 1422 855 1460 sicut
887 1431 944 1459 est
977 1424 1072 1459 dare
1104 1422 1280 1471 primum
1309 1422 1556 1460 intellectum
1590 1432 1628 1460 et
1658 1424 1826 1461 volitum
1846 1435 1885 1457 10

508 1491 617 1518 extra
651 1483 779 1517 Deum
812 1489 895 1517 tam
928 1493 1009 1529 quo
1043 1482 1093 1517 ad
1124 1480 1363 1528 universale,
1397 1494 1519 1530 quam
1552 1494 1632 1530 quo
1665 1483 1716 1519 ad
1748 1482 1827 1518 sin-

508 1540 659 1588 gulare,
693 1547 736 1575 ut
758 1538 912 1587 patebit
934 1540 1110 1575 secundo
1133 1538 1249 1575 libro.
1284 1541 1367 1576 Nec
1389 1539 1478 1588 plus
1502 1539 1692 1587 dissonat,
1717 1541 1825 1589 quod

508 1597 586 1634 sint
618 1596 734 1634 nobis
778 1596 933 1634 infinite
979 1596 1212 1633 voluciones
1245 1596 1465 1645 respective
1498 1597 1538 1634 in
1571 1599 1668 1645 Deo,
1703 1611 1825 1647 quam

508 1657 617 1704 quod
649 1654 727 1692 sint
758 1654 916 1692 infinita
948 1655 1133 1692 absoluta
1157 1654 1428 1692 essencialiter
1461 1655 1648 1694 distincta
1671 1669 1693 1693 a
1727 1659 1824 1704 Deo,

507 1722 551 1751 ut
582 1713 697 1762 ponit
729 1715 892 1749 Doctor.
925 1715 1007 1750 Nec
1031 1721 1089 1750 est
1118 1713 1248 1750 maior
1279 1714 1402 1757 color.
1436 1713 1468 1750 si
1502 1716 1606 1750 Deus
1639 1714 1883 1763 producit15

509 1771 739 1809 eternaliter
770 1770 1021 1808 volucionern
1052 1771 1335 1819 respectivarn3
1368 1781 1463 1808 tunc
1496 1771 1684 1809 distincta
1715 1773 1827 1809 volu-

509 1830 623 1867 cione
656 1829 843 1878 producit
873 1828 997 1876 illam,
1032 1838 1070 1866 et
1101 1829 1157 1866 sic
1188 1829 1356 1875 infinite,
1391 1842 1513 1879 quam
1546 1830 1746 1879 sequitur:
1783 1830 1825 1868 Si

509 1890 615 1925 Deus
655 1886 841 1936 producit
878 1896 1027 1933 actum,
1067 1887 1136 1936 qui
1175 1896 1233 1924 est
1270 1887 1447 1925 essencia
1486 1889 1682 1935 absoluta,
1717 1890 1826 1938 quod

509 1945 587 1983 alia
618 1944 892 1994 produccione
939 1945 1068 1982 activa
1111 1945 1300 1994 producit
1330 1945 1464 1992 illurn3
1509 1947 1578 1982 sed
1609 1946 1826 1996 utrobique

510 2012 568 2040 est
613 2002 743 2040 maior
787 2004 899 2040 color
943 2012 1083 2041 contra
1127 2012 1323 2052 ponentes
1354 2005 1603 2041 voluntatem
1637 2005 1709 2041 Dei
1742 2017 1826 2042 esse
1842 2016 1884 2038 20

509 2074 594 2098 rem
639 2060 869 2099 distinctam
903 2074 926 2098 a
964 2063 1062 2109 Deo,
1108 2061 1202 2110 quia
1246 2063 1323 2099 hoc
1365 2061 1616 2111 impossibile
1649 2063 1827 2100 dissonat

510 2131 602 2156 curn
634 2132 728 2156 vero
753 2128 790 2157 et
818 2121 869 2156 ad
892 2119 1164 2157 necessarium
1196 2129 1393 2157 consonat
1414 2120 1525 2157 omni
1547 2133 1628 2157 non
1648 2133 1743 2158 vero
1762 2150 1770 2158 .
1790 2150 1798 2158 .
1816 2150 1824 2158 .

581 2504 609 2531 9.
633 2495 708 2524 Cod.
721 2507 730 2522 .·
748 2488 919 2524 '‘voluciffies
938 2505 953 2523 z
973 2482 1090 2524 'fiducia
1198 2504 1240 2523 22.
1263 2505 1324 2524 non
1344 2498 1426 2531 vero]
1449 2497 1515 2525 cod.
1527 2507 1535 2524 .·
1555 2505 1644 2532 vero;
1661 2500 1732 2533 post
1752 2506 1825 2525 vero

511 2532 604 2559 tertia
615 2531 695 2567 fere
708 2531 851 2567 paginae
865 2539 944 2566 pars
959 2531 1117 2567 scriptura
1138 2534 1240 2559 vacat.

586 2625 637 2647 12.
663 2616 826 2647 Secundo
845 2615 944 2656 libro]
972 2615 1105 2648 scilicet
1129 2615 1235 2657 ipsius
1257 2615 1284 2644 U
1301 2615 1398 2658 iclifii
1413 2616 1465 2647 De
1482 2615 1571 2647 Ente
1589 2616 1662 2647 sive
1681 2616 1824 2647 Summa

511 2661 809 2694 Intellectualium.
957 2660 1006 2693 15.
1039 2662 1229 2703 Respicere
1260 2661 1402 2693 videtur
1433 2661 1560 2704 Wiclif
1588 2663 1823 2693 Bradwardini

511 2708 757 2741 deductionem
789 2708 832 2739 de
858 2708 1083 2750 quaestitme:
1116 2708 1288 2745 „Dicetur
1312 2708 1486 2750 fortassis
1512 2718 1583 2749 pro
1610 2708 1706 2750 ipsis,
1732 2709 1825 2749 quod

512 2754 647 2787 creatio
679 2758 713 2786 et
735 2754 851 2795 factio
883 2763 1002 2786 rerum
1036 2754 1070 2785 in
1106 2753 1182 2785 Deo
1220 2758 1272 2786 est
1302 2754 1466 2786 voluntas
1496 2764 1554 2787 seu
1587 2754 1717 2786 volutio
1751 2755 1823 2786 eius

512 2801 695 2839 aeterna''‚
721 2800 772 2831 De
798 2809 901 2831 causa
928 2800 990 2832 Dei
1016 2799 1074 2831 lib.
1101 2800 1143 2831 III
1170 2798 1190 2831 6
1217 2799 1299 2841 (Ed.
1325 2800 1438 2832 Lond.
1469 2801 1546 2831 663
1571 2799 1629 2844 Β).
