2056 3234
236 179 246 202 1
265 180 276 202 1
287 179 310 203 0
952 159 1177 206 JOHANN'IS
1202 173 1371 205 vviCLIF
1651 169 1740 197 CAP.
1762 170 1828 197 xii.

520 282 671 317 malum
706 290 742 317 et
771 281 990 317 bonitatem
1017 280 1233 325 maliciam,
1259 279 1312 315 ita
1336 280 1574 315 concederet
1607 288 1831 326 peccatum,

520 338 760 387 inquantum
794 341 958 384 bonum,
1005 350 1088 374 esse
1128 338 1276 373 iustum
1312 349 1380 373 ens
1415 345 1450 373 et
1482 349 1640 382 verum3
1674 339 1742 373 sed
1775 337 1833 372 in-

521 406 717 445 quantum
754 397 919 442 malum,
955 408 1038 432 esse
1069 408 1256 441 non-ens,
1290 394 1482 430 iniustum
1518 403 1555 431 et
1587 395 1743 431 falsum.

239 462 306 491 The
327 466 374 489 act
394 461 429 489 of
444 461 494 489 the
579 456 656 491 Sed
688 455 875 491 omnibus
908 453 991 490 istis
1037 453 1236 490 concessis
1277 454 1407 489 adhuc
1448 461 1652 500 oporteret
1685 465 1834 501 ponere

252 497 344 531 Jews,
365 496 477 524 caused
521 512 529 519 -
704 513 711 518 .
909 511 915 517 .
1039 511 1046 517 .
1091 511 1098 517 .
1427 510 1434 516 .
1612 511 1619 517 .
1665 510 1672 516 .
1797 510 1803 516 .
1854 512 1867 521 r

234 532 273 568 by
292 532 410 559 wicked
431 526 561 565 wi11,111
599 514 734 549 Judeis
779 525 965 561 agenCias
1011 513 1217 548 distinctas
1261 524 1283 547 a
1331 523 1517 559 passione
1556 512 1688 557 Cristi,
1738 523 1868 559 quian

258 566 471 629 *Vssrsoffisssffict
521 580 674 607 certum
712 580 781 617 est,
828 571 934 618 quod
972 570 1077 606 mala
1111 582 1249 605 eorum
1282 568 1441 605 volucio
1476 571 1661 605 movebat
1695 581 1834 605 eorum

265 636 469 678 suffering-of
521 642 691 677 corpora
725 638 762 665 et
795 627 983 676 produxit
1015 627 1054 664 in
1094 627 1189 675 ipsis
1222 626 1427 675 passiones
1462 639 1505 663 ex
1537 627 1746 663 volucione
1778 626 1836 662 iri-

228 671 644 741 Wssguffnmfstfsswggstiustas
669 696 705 723 et
738 686 802 722 ille
826 686 1030 734 passiones
1055 694 1091 722 et
1115 685 1278 733 agencie
1300 686 1575 732 produxerunt
1608 684 1834 733 passionem

234 745 316 769 most
336 741 559 781 rigliteouS.jn
592 744 736 791 Cristo,
778 757 854 793 que
893 744 966 780 fuit
1005 743 1228 780 rectissima
1267 743 1351 779 sine
1390 742 1621 790 privacione
1653 742 1727 779 sibi
1760 743 1837 778 for—

523 803 681 839 maliter
710 802 958 848 inexistente,
983 802 1078 850 quia
1113 811 1209 838 tunc
1244 801 1523 837 denominaret
1557 801 1745 847 Cristum,
1770 801 1837 849 qui
1859 813 1896 834 io

520 870 577 898 est
610 860 834 897 subiectum
880 873 951 908 per
995 872 1035 896 se
1081 869 1117 896 et
1151 859 1359 907 proprium
1395 859 1500 895 illius
1534 858 1744 906 passionis,
1779 858 1837 894 in-

518 919 620 955 iuste
653 918 748 966 pati,
783 920 892 967 quod
925 926 983 954 est
1014 917 1273 966 impossibile.

578 979 712 1013 Potest
742 989 834 1025 ergo
856 977 1070 1012 Anselmus
1093 975 1239 1024 glosari
1262 976 1481 1012 secundum
1509 975 1839 1024 equivocaciones

520 1035 645 1071 dictas
691 1036 738 1071 de
781 1034 944 1071 accione
990 1043 1027 1070 et
1074 1033 1272 1081 passione,
1320 1034 1425 1082 quod
1472 1033 1605 1081 passio
1638 1033 1748 1070 illata
1782 1042 1838 1069 est

520 1093 643 1138 accio,
678 1094 746 1129 sed
778 1106 859 1129 non
883 1091 1062 1140 agencia,
1097 1105 1176 1140 qua
1200 1104 1320 1139 agens
1353 1091 1575 1128 formaliter
1608 1091 1703 1139 agit,
1737 1090 1895 1128 sicut15

521 1152 630 1187 calor
662 1152 884 1199 productus
917 1150 1064 1186 dicitur
1108 1162 1191 1186 esse
1237 1149 1348 1186 accio
1382 1159 1418 1186 et
1452 1159 1583 1186 motus
1617 1151 1837 1186 secundum

521 1211 908 1245 Commentatorem.

265 1273 470 1301 Conclusion:
579 1268 693 1303 Patet
738 1279 832 1315 ergo
878 1279 920 1303 ex
973 1265 1101 1312 dictis,
1148 1267 1255 1314 quod
1301 1265 1454 1314 aliquid
1499 1265 1644 1302 dicitur
1688 1265 1836 1302 iustum

233 1316 254 1335 1.
275 1310 304 1335 A
324 1309 410 1343 thing
431 1316 501 1343 may
982 1324 989 1330 ·
1658 1324 1665 1330 ·

230 1344 265 1370 be
286 1343 397 1378 justin
419 1326 740 1370 jtselfsecundum
788 1326 1074 1369 substanciam,
1120 1333 1157 1360 et
1205 1325 1279 1360 hoc
1324 1336 1394 1372 per
1437 1336 1476 1360 se
1526 1332 1562 1360 et
1607 1336 1752 1371 primo,
1797 1332 1839 1359 ut

248 1378 488 1449 ζῗιέῂξὲὲζιὲῗξ
523 1392 690 1429 creator,
738 1383 797 1419 vel
832 1395 902 1430 per
946 1395 985 1418 se
1019 1383 1208 1426 secundo,
1254 1391 1297 1418 ut
1342 1391 1537 1418 creature.
1595 1384 1643 1418 Et
1685 1381 1837 1430 aliquid
1856 1395 1898 1416 20

282 1452 447 1475 creatures.
523 1441 668 1478 dicitur
699 1440 848 1477 iustum
883 1441 1104 1477 secundum
1153 1439 1402 1487 qualitatem,
1438 1449 1474 1476 et
1508 1441 1581 1476 hoc
1616 1439 1839 1476 concretive

256 1483 477 1553 ξυὲἶῃῐᾞῇζρῆῗ
521 1500 580 1536 vel
627 1501 839 1535 abstracte.
885 1501 932 1534 Et
977 1497 1101 1535 tercio
1147 1499 1267 1534 modo
1313 1497 1460 1534 dicitur
1505 1498 1657 1546 aliquid
1690 1498 1838 1534 iustum

248 1552 406 1614 1ἒίᾓίΕῇἜῇ
423 1552 488 1614 Ῑῐῑιῑξὲῖ
523 1557 754 1605 respective,
802 1565 839 1593 et
884 1558 958 1593 lioc
992 1555 1217 1603 dupliciter,
1250 1556 1311 1592 vel
1344 1556 1437 1604 quia
1470 1556 1572 1592 iuste
1604 1555 1786 1604 procedit
1819 1568 1841 1591 a

235 1625 377 1648 concrete
397 1630 432 1648 οι·
451 1623 502 1649 the
521 1616 726 1651 voluntate
759 1614 939 1651 increata
982 1615 1042 1651 vel
1086 1613 1181 1662 quia
1225 1613 1326 1650 iuste
1370 1614 1551 1661 procedit
1584 1627 1606 1650 a
1637 1615 1842 1650 voluntate

258 1656 478 1727 3ff¹t³⁵1¹1ff23³1t be
523 1682 669 1709 creata,
717 1675 796 1709 Nec
842 1672 1075 1708 dividuntur
1121 1672 1196 1708 ista
1242 1684 1285 1707 ex
1328 1672 1527 1720 opposito,
1574 1685 1664 1708 cum
1710 1671 1840 1708 omnis
1858 1674 1897 1706 23

233 1725 507 1788 affiflfflva‘fftbffnjssssvto
523 1740 706 1768 creatura
729 1730 777 1767 sit
801 1731 983 1766 absolute
1007 1739 1043 1766 et
1067 1729 1286 1777 respective
1320 1729 1438 1766 iusta.
1473 1729 1680 1778 Quidquid
1714 1730 1839 1766 eciam

273 1803 370 1831 ways,
391 1804 424 1822 as
444 1795 467 1822 it
521 1788 703 1837 procedit
751 1789 853 1824 iuste
902 1801 924 1824 a
968 1789 1173 1826 voluntate
1218 1797 1364 1834 creata,
1417 1788 1599 1836 procedit
1645 1788 1770 1824 eciam
1819 1801 1841 1823 a

244 1831 393 1864 proceeds
413 1830 494 1857 from
763 1847 769 1852 -
1583 1846 1589 1851 -
1768 1845 1774 1851 -

261 1873 277 1892 a
298 1866 418 1892 created
440 1873 475 1892 0..
520 1848 728 1883 voluntate
761 1855 950 1892 increata,
997 1848 1063 1883 sed
1097 1859 1178 1882 non
1225 1855 1401 1892 econtra,
1436 1859 1525 1882 cum
1561 1855 1610 1882 sit
1643 1858 1839 1893 superior.

243 1899 488 1970 unfflffissefflegfn
523 1907 636 1942 Unde
680 1917 781 1952 opus
829 1904 975 1940 iniuste
1019 1905 1183 1947 factum,
1231 1906 1450 1940 secundum
1500 1905 1626 1951 legem
1662 1912 1839 1939 eternam

523 1962 668 1999 dicitur
714 1962 817 1998 iuste
861 1963 1025 2009 factum,
1071 1962 1102 1998 si
1148 1963 1368 1998 secundum
1402 1962 1674 1998 substanciam
1708 1961 1899 2009 operism

522 2021 652 2069 placet
686 2023 789 2065 Deo,
818 2029 860 2056 ut
894 2020 1008 2056 dacio
1042 2019 1195 2056 denarii
1229 2019 1424 2068 indigenti
1458 2021 1506 2055 ab
1539 2019 1749 2068 yppocrita
1783 2028 1840 2055 est

522 2091 624 2126 opus
672 2078 836 2124 iustum,
883 2080 990 2126 quod
1035 2077 1246 2126 yppocrita
1291 2077 1436 2113 iniuste
1481 2078 1587 2123 facit,
1635 2090 1725 2113 cum
1758 2090 1839 2114 non

523 2136 572 2172 sit
608 2136 798 2184 possibile
831 2136 994 2184 aliquod
1033 2136 1250 2184 positivum
1289 2136 1454 2172 omnino
1494 2148 1628 2172 care-re
1666 2135 1833 2172 iusticia.

590 2292 636 2321 30.
658 2294 737 2321 iuste
758 2301 841 2320 corr.
864 2301 902 2320 ex
921 2293 1035 2320 iniuste
1055 2293 1086 2320 in
1108 2293 1176 2320 coel.
1250 2292 1293 2320 33.
1318 2293 1412 2320 Coit.-
1441 2280 1524 2320 osi-fo.

515 2376 686 2420 pertinet,
718 2377 936 2420 percutitur,
975 2377 1142 2419 quoniam
1172 2381 1205 2410 et
1230 2378 1295 2409 iste
1320 2377 1421 2409 debet
1439 2377 1594 2419 percuti,
1628 2381 1662 2409 et
1687 2376 1743 2408 ille
1770 2387 1838 2408 non

523 2424 621 2455 debet
654 2428 856 2465 percutere,
894 2423 993 2456 debet
1026 2429 1059 2456 et
1092 2434 1160 2456 non
1199 2424 1300 2456 debet
1339 2433 1414 2456 esse
1444 2424 1653 2465 percussio.-
1690 2428 1722 2456 et
1761 2423 1839 2455 ideo

522 2475 622 2502 recta
650 2474 684 2501 et
710 2480 778 2502 non
814 2474 916 2502 recta
954 2470 1082 2512 negari
1119 2480 1187 2502 non
1225 2475 1354 2512 potest.
1397 2469 1501 2509 Quod
1525 2470 1556 2502 si
1581 2470 1630 2501 ad
1660 2479 1839 2511 supernae

523 2517 722 2558 sapientiae
749 2517 986 2556 bonitatisque
1011 2516 1213 2549 consideres
1240 2516 1425 2556 iudicium,
1450 2517 1524 2549 sive
1542 2526 1590 2548 ex
1614 2517 1732 2548 altera
1759 2520 1838 2547 tan-

524 2567 611 2601 tum,
649 2563 721 2595 sive
747 2573 794 2595 ex
821 2567 971 2605 utraque
997 2567 1117 2604 parte,
1155 2563 1300 2606 agentis
1332 2563 1466 2595 scilicet
1491 2567 1524 2595 et
1546 2563 1730 2605 patientis,
1769 2572 1837 2594 non

523 2609 650 2640 debeat
687 2619 761 2641 esse
792 2610 1000 2651 percussio:
1037 2610 1112 2650 quis
1139 2609 1281 2641 audebit
1308 2619 1444 2651 negare
1476 2610 1601 2641 debere
1626 2618 1710 2648 esse,
1747 2609 1839 2649 quod

523 2659 628 2686 tanta
654 2655 813 2688 bonitate
839 2659 871 2687 et
897 2656 1076 2698 sapientia
1095 2655 1355 2697 permittitur?
1489 2657 1540 2689 13.
1565 2655 1766 2696 Anselmus]
1793 2655 1838 2696 cf.

523 2711 635 2742 supra
656 2712 695 2743 p.
711 2703 791 2733 109.
883 2700 934 2734 18.
960 2702 1014 2744 Cf.
1031 2702 1195 2732 Averrois
1213 2702 1247 2732 in
1266 2702 1369 2735 Arist.
1388 2703 1468 2733 Met.
1487 2712 1616 2733 comm.
1634 2702 1688 2742 IX,
1715 2707 1797 2732 sect.
1819 2701 1835 2733 3

524 2747 606 2788 (Ed.
626 2748 736 2780 Arist.
763 2758 843 2790 opp.
869 2747 950 2780 Ven.
980 2747 1045 2787 IX,
1071 2748 1112 2780 F.
1134 2749 1234 2789 107):
1265 2748 1427 2787 Calidum
1450 2749 1541 2781 enim
1568 2749 1645 2790 agit
1670 2749 1836 2780 calorem.

527 2793 580 2835 Cf.
606 2803 715 2835 supra
743 2795 809 2827 col.
836 2795 912 2825 139.
