2056 3234
230 183 279 217 26

241 708 277 735 IL
298 708 328 735 in
350 708 478 743 figure53

223 1979 274 2006 111.
292 1979 321 2006 in
337 1979 496 2013 qualities;

965 188 1188 220 ,IOHANNIS
1216 189 1383 220 WlCLIF
1673 185 1763 213 CAP.
1783 186 1834 213 111.

517 305 664 342 torum,
691 304 727 331 et
751 304 832 331 tam
856 294 1083 331 necessario
1114 307 1283 331 causans
1307 294 1453 342 ipsum,
1479 294 1581 331 sicut
1604 295 1834 331 substancia

517 363 655 389 causat
689 352 886 389 accidens.
922 355 1026 400 Ergo
1050 353 1139 389 talis
1174 353 1360 400 analogia
1382 365 1464 388 non
1496 352 1600 388 tollit
1629 352 1833 389 racionem

516 411 671 458 generis
710 410 827 458 loyci,
868 419 905 446 et
944 410 1173 447 evidencior
1213 419 1270 447 est
1308 410 1538 458 predicacio
1580 411 1627 446 de
1666 423 1834 458 corpore

515 468 739 505 inanimato
791 467 1074 516 presupposito
1126 470 1176 504 ad
1230 480 1375 516 corpus
1421 468 1660 514 animatum,
1706 476 1742 504 et
1788 469 1835 504 de

515 539 684 574 corpore
723 525 905 562 sensibili·
934 526 1219 574 presupposito
1259 528 1310 563 ad
1349 538 1496 573 corpus
1529 525 1833 571 intellectivurn,

515 593 551 620 et
584 584 638 620 ita
672 586 720 620 de
753 583 839 620 aliis
873 584 1063 631 gradibus
1102 584 1355 620 naturalibus
1388 583 1544 631 generis
1578 584 1628 619 ad
1660 583 1834 631 speciem

514 651 551 678 et
584 642 731 689 speciei
765 643 814 677 ad
847 641 1022 689 speciem
1055 643 1387 691 specialissimam.

571 702 667 735 Item
711 701 758 735 (16
795 699 973 735 numeris
1004 699 1175 746 videtur,
1216 701 1324 748 quod
1362 699 1472 747 prius
1511 698 1750 735 naturaliter
1788 699 1838 735 sit

514 757 717 805 quantitas
770 757 954 804 discreta,
1006 770 1124 805 quam
1176 758 1380 803 continua,
1429 765 1465 793 et
1510 770 1598 793 cum
1640 757 1706 793 1116
1745 765 1836 793 sunt

514 815 744 852 differencie
790 828 833 851 ex
872 827 975 863 equo
1014 815 1233 852 dividentes
1273 828 1397 864 genus
1437 814 1687 863 quantitatis,
1732 814 1835 850 sicut

513 873 663 910 faciunt
696 886 835 909 omnes
868 873 1048 921 proxime
1081 873 1311 910 differencie
1343 886 1459 910 suum
1493 885 1630 920 genus,
1664 871 1834 919 videtur,

514 933 623 979 quod
656 944 738 967 non
771 940 969 978 repugnat
1003 944 1073 979 per
1106 944 1146 967 se
1180 944 1264 968 esse
1297 931 1337 967 in
1371 932 1512 967 eodem
1557 942 1701 978 genere
1743 943 1832 966 cum

514 990 603 1038 1106,
638 991 747 1037 quod
779 1002 904 1024 unum
940 1002 1009 1036 per
1042 1002 1083 1025 se
1112 1002 1232 1026 causa
1266 989 1430 1025 alterius
1470 988 1581 1036 prius
1621 987 1835 1036 participet

514 1048 654 1083 eodem
706 1059 862 1095 genere.
907 1048 1160 1083 Antecedens
1211 1056 1322 1095 patet
1374 1059 1417 1083 ex
1462 1048 1551 1092 hoc,
1599 1047 1708 1095 quod
1752 1059 1834 1082 non

514 1114 644 1156 potest
677 1117 760 1141 esse
793 1104 1023 1141 substancia
1062 1104 1268 1152 continua,
1301 1114 1345 1141 ut
1378 1117 1524 1153 purum
1559 1117 1718 1152 corpus,
1759 1103 1835 1140 nisi

514 1172 615 1199 esset
648 1162 850 1211 quantitas
884 1162 1068 1199 discreta.
1116 1164 1195 1199 Sed
1229 1171 1392 1199 econtra
1425 1161 1629 1210 quantitas
1663 1161 1835 1198 discreta

514 1229 648 1268 posset
679 1220 839 1257 fundari
872 1220 912 1256 in
945 1221 1197 1266 substanciis‚
1231 1220 1271 1256 in
1295 1220 1570 1266 divisionibus,
1605 1219 1685 1257 sive
1708 1232 1832 1268 punc-

513 1278 659 1315 talibus
703 1287 746 1314 ut
782 1307 924 1315 .....
971 1278 1051 1315 sive
1103 1278 1373 1327 multiplicati,
1419 1287 1463 1314 ut
1507 1279 1690 1326 angulus,
1744 1290 1834 1313 curn

514 1338 602 1383 hoc,
644 1338 751 1384 quod
789 1349 869 1372 non
909 1345 1010 1373 esset
1043 1337 1247 1385 quantitas
1288 1336 1498 1382 contiuua3
1538 1336 1644 1384 quia,
1684 1335 1715 1371 si
1753 1348 1835 1371 non

513 1403 570 1430 651
609 1404 753 1430 natura
788 1407 996 1442 corporea,
1036 1403 1131 1431 tunc
1171 1408 1251 1431 non
1290 1403 1348 1430 est
1388 1393 1590 1442 quantitas
1630 1393 1834 1440 continua,

514 1462 550 1488 et
609 1452 725 1488 istam
787 1452 1085 1494 conclusionem
1141 1453 1281 1488 diffuse
1341 1453 1517 1489 declarat
1569 1451 1738 1488 Boecius
1795 1451 1836 1487 in

514 1510 712 1558 principio
755 1510 994 1547 Arismetice
1039 1523 1121 1556 sue,
1178 1512 1406 1556 ostendens,
1454 1511 1561 1558 quod
1606 1509 1835 1546 arismetica

513 1568 675 1604 racione
708 1568 881 1615 numeri,
916 1568 983 1617 qui
1008 1577 1065 1604 est
1098 1569 1321 1605 subiectum
1347 1567 1587 1611 arismetice,
1623 1577 1680 1604 est
1709 1567 1833 1615 prior,

513 1636 555 1662 ut
588 1626 685 1671 iure,
726 1639 847 1674 quam
882 1626 1016 1674 aliqua
1050 1626 1128 1663 alia
1160 1626 1327 1663 scientia
1361 1625 1614 1670 doctrinalis3
1654 1638 1726 1661 nec
1760 1626 1835 1661 hoc

511 1684 678 1721 vertitur
709 1683 750 1720 in
773 1685 995 1732 dampnum
1024 1685 1227 1733 loquendo
1250 1686 1298 1720 de
1330 1683 1522 1730 numeris,
1557 1683 1624 1731 qui
1657 1692 1750 1719 sunt
1773 1695 1834 1719 res
1852 1712 1867 1717 u

512 1742 696 1789 racionis,
740 1751 784 1778 ut
828 1755 1020 1778 numerus
1064 1744 1258 1790 ydearum
1302 1743 1364 1779 vel
1406 1742 1576 1779 aliarum
1621 1741 1833 1778 veritatum

514 1809 753 1839 eternarum,
773 1801 843 1836 sed
866 1810 903 1836 et
924 1801 1128 1849 loquendo
1152 1802 1199 1836 de
1222 1801 1413 1847 numeris,
1439 1800 1584 1848 quibus
1607 1799 1834 1836 substancie

513 1857 763 1894 constituunt
795 1858 1018 1895 formaliter
1051 1858 1352 1895 multitudinem
1387 1858 1633 1894 existentem.
1666 1857 1835 1893 Videtur

514 1916 639 1952 eciam
674 1925 823 1963 patere.

571 1976 668 2010 Item
703 1976 751 2010 de
784 1974 1046 2022 qualitatibus
1085 1983 1142 2011 est
1181 1974 1398 2011 conformis
1440 1974 1567 2020 racio3
1606 1986 1700 2010 nam
1739 1985 1834 2021 que·
1851 1978 1866 2010 3

512 2032 608 2068 libet
641 2032 813 2080 qualitas
846 2033 1118 2080 superaddita,
1160 2045 1249 2069 curn
1285 2033 1451 2068 resultat
1485 2045 1528 2068 ex
1560 2031 1705 2079 prima,
1744 2044 1834 2078 pre-

513 2090 704 2138 supponit
756 2090 929 2138 primam
981 2100 1189 2138 tamquam
1243 2103 1359 2126 suum
1413 2089 1672 2138 principium,
1731 2089 1833 2125 sicut

582 2232 608 2256 7.
639 2223 897 2258 specialissimam
927 2223 1045 2251 addidi.
1190 2224 1226 2251 15.
1260 2224 1354 2251 Cod..·
1387 2211 1429 2260 pii
1455 2212 1530 2260 cdffi
1559 2225 1650 2252 verba
1680 2227 1829 2260 suspecta.

514 2260 552 2285 18.
570 2261 644 2294 post
662 2263 694 2286 111
715 2259 744 2286 in
766 2259 833 2286 cod.
856 2259 967 2286 lacuna
989 2259 1089 2286 decem
1100 2259 1180 2295 fere
1199 2259 1384 2286 litterarum.

583 2352 635 2373 22.
673 2343 725 2384 Cf.
759 2343 901 2374 Boetius
934 2343 976 2374 de
1008 2342 1234 2374 Arithmetica
1267 2343 1278 2374 I
1310 2354 1320 2374 1
1353 2343 1495 2386 (Migne
1533 2344 1664 2375 Cursus
1691 2343 1830 2374 Patrol.

512 2389 576 2420 vol.
595 2388 727 2420 LXIII
740 2390 839 2421 1082
857 2389 919 2429 A):
953 2389 1050 2427 Quae
1077 2389 1189 2431 igitur
1213 2399 1261 2421 ex
1288 2390 1340 2421 his
1368 2390 1455 2431 (scil.
1475 2389 1686 2431 disciplinis)
1707 2390 1831 2431 prima

512 2434 682 2466 discenda
721 2440 781 2476 est,
816 2436 882 2467 nisi
907 2445 961 2473 ea,
988 2445 1078 2477 quae
1097 2435 1317 2477 principium
1346 2436 1540 2477 matrisque
1566 2435 1831 2478 quodammodo

512 2480 560 2512 ad
598 2485 733 2513 ceteras
772 2482 906 2513 obtinet
939 2481 1176 2524 portionem?
1212 2482 1314 2514 Haec
1352 2487 1470 2514 autem
1504 2486 1556 2514 est
1589 2481 1831 2514 arithmetica.

513 2527 633 2558 Haec
665 2528 775 2559 enim
810 2528 985 2560 cunctis
1010 2528 1144 2570 prior
1175 2532 1253 2566 est,
1287 2538 1355 2560 non
1390 2529 1495 2560 modo
1529 2528 1622 2570 quod
1655 2530 1750 2560 hanc
1774 2528 1832 2560 ille

513 2573 614 2605 huius
654 2574 860 2605 mundanae
900 2575 1001 2606 molis
1039 2575 1207 2606 conditor
1245 2575 1339 2606 Deus
1378 2575 1538 2616 primam
1585 2584 1670 2606 suae
1708 2573 1831 2605 habuit

514 2620 807 2652 raciocinationis
840 2621 1040 2662 exemplar,
1072 2625 1106 2652 et
1138 2621 1187 2651 ad
1218 2621 1312 2652 hanc
1343 2626 1472 2652 cuncta
1501 2621 1697 2659 constituit,
1724 2630 1830 2661 quae-

513 2675 661 2708 cumque
676 2666 891 2707 fabricatur
919 2667 1074 2704 racione,
1102 2677 1171 2708 per
1198 2676 1364 2698 numeros
1401 2667 1578 2709 assignati
1608 2666 1747 2698 ordinis
1779 2667 1830 2698 in—

513 2721 640 2744 venere
665 2712 918 2752 concordiam;
943 2713 1006 2745 sed
1030 2713 1094 2745 hoc
1119 2723 1256 2755 quoque
1276 2712 1385 2754 prior
1410 2712 1642 2745 arithmetica
1668 2716 1830 2750 vocatur,

515 2757 608 2799 quod
633 2767 860 2800 quaecunque
887 2763 1020 2790 natura
1044 2759 1175 2800 priora
1203 2763 1296 2796 sunt,
1329 2759 1381 2790 his
1407 2759 1557 2790 sublatis
1585 2759 1689 2790 simul
1708 2762 1828 2802 poste-

515 2804 614 2839 riora
644 2805 826 2836 tolluntur.
854 2824 896 2827 —
925 2804 1014 2841 Inde
1038 2805 1181 2847 Wiclifii
1205 2805 1332 2840 verba:
1360 2812 1417 2836 aut
1443 2805 1527 2839 iure.

1857 828 1895 849 IO

1856 1106 1891 1138 15

1852 1407 1894 1428 20
