2056 3234
191 205 280 233 CAP·
301 205 338 232 X·
514 207 572 238 DE
600 205 722 237 ENTE
750 204 1170 236 PREDICAMENTALI.
1741 206 1791 242 99

193 315 300 362 quod
332 324 451 360 agens
484 311 551 358 sic,
584 312 645 347 vel
677 311 732 347 sic
756 323 871 359 agere
904 310 954 347 sit
977 311 1106 347 forma
1138 310 1212 358 ipsi
1237 310 1368 358 agenti
1401 310 1503 347 acci-

193 371 375 417 dentalis,
430 383 519 406 curn
565 371 614 405 ab
659 370 734 406 hoc
779 368 1063 405 denominatur
1106 368 1327 404 formaliter
1375 380 1504 416 agere.

193 431 241 465 Et
284 441 354 476 per
396 428 501 463 idern
548 440 708 475 passum
755 427 810 463 sic
854 435 922 463 aut
968 427 1023 462 sic
1065 426 1147 474 pati
1193 435 1249 462 est
1294 426 1423 462 forma
1469 434 1505 461 et

194 486 267 523 sibi
311 485 584 532 accidentalis,
630 493 667 521 et
713 484 810 520 nulli
856 484 1036 531 dubium,
1082 484 1178 532 quin
1229 483 1364 520 omnia
1411 484 1506 520 talia

162 544 427 581 §notabiliter
467 543 790 591 distingwuntur3
831 554 937 590 ergo,
985 555 1074 578 cum
1108 541 1318 590 superfluit
1356 553 1507 589 ponere

193 602 348 650 aliquas
393 601 580 649 agencias
624 602 684 636 vel
728 600 936 648 passiones
981 609 1114 648 preter
1152 600 1261 646 talia,
1309 599 1505 648 sequitur,

194 661 301 709 quod
334 658 570 707 generaliter
603 658 768 706 agencia
801 667 837 694 et
870 657 1002 706 passio
1037 658 1314 706 distingwitur.

251 719 438 754 Secundo
483 716 747 753 confirmatur
792 729 834 752 ex
868 717 956 757 hoc,
1002 718 1110 764 quod
1151 716 1315 764 agencia
1354 714 1506 763 agentis
1537 723 1574 751 ΙΙ.
1592 722 1660 751 The
1679 723 1779 763 action

195 775 463 812 communiter
496 776 616 811 habet
649 774 1017 819 denominaciones‚
1052 787 1128 822 que
1161 787 1241 810 non
1273 781 1508 822 competunt
1531 759 1566 786 ⁰f
1581 759 1633 786 the
1653 763 1787 793 agent1s

1551 793 1712 821 described
1733 794 1763 821 in

142 845 179 866 10
194 833 370 882 passioni
405 832 755 880 correspondenti3
788 832 910 879 igitur
942 831 1227 879 distingwitur3
1268 833 1507 868 antecedens
1551 833 1647 855 terms
1666 828 1769 856 which

193 900 303 940 patet
348 892 395 926 de
440 891 627 938 passione
667 889 799 935 Cristi,
840 902 916 938 que
954 890 1026 925 fuit
1066 889 1273 927 meritoria
1311 898 1348 926 et
1390 888 1506 934 iusta,
1541 863 1786 937 apffiissdsittob‘ihe

193 958 237 985 ut
269 957 409 985 notum
445 957 514 994 est,
549 956 585 984 et
618 957 754 984 tamen
777 947 940 995 ageneie
974 949 1188 984 Iudeorum
1224 956 1335 984 erant
1370 947 1506 989 multe,
1593 940 1730 968 passum*

193 1007 349 1050 iniuste,
384 1006 652 1043 demeritorie.
701 1008 749 1042 Et
783 1006 902 1052 dicat,
937 1006 1003 1054 qui
1037 1007 1169 1052 audet,
1204 1007 1311 1054 quod
1344 1005 1412 1042 illa
1443 1005 1510 1053 pia

193 1064 327 1113 passio
374 1064 414 1100 in
459 1064 590 1101 Cristo
639 1064 712 1100 fuit
761 1063 1036 1110 iniustissima,
1088 1073 1220 1112 preter
1269 1063 1341 1100 Dei
1392 1065 1509 1100 bene-

142 1122 402 1171 15placitum‚
444 1131 480 1158 et
513 1122 633 1158 simul
673 1121 861 1158 meritum
902 1130 1082 1158 nostrum
1124 1121 1363 1158 demeritum
1398 1122 1509 1157 Iude-

195 1194 309 1217 orum
344 1180 588 1225 formaliter3
635 1188 672 1216 et
704 1182 1063 1228 correspondentes
1095 1179 1260 1228 agencia
1294 1189 1350 1216 est
1383 1179 1508 1215 libera

196 1247 233 1275 ct
266 1238 525 1283 delectabilis,
566 1239 728 1285 placens
761 1237 893 1284 alicui,
927 1237 993 1273 ubi
1026 1238 1158 1286 passio
1192 1238 1509 1286 correspondens

197 1305 253 1332 est
286 1296 453 1343 illibera,
494 1295 702 1332 tristabilis
736 1305 772 1331 et
806 1295 1020 1343 displicens
1054 1296 1197 1343 eidem,
1237 1304 1280 1332 ut
1319 1305 1429 1344 patet
1462 1297 1510 1331 de

195 1354 420 1390 voluntaria
454 1353 732 1402 percuciencia
765 1353 1034 1390 involuntarie
1066 1354 1257 1402 percussi,
1289 1354 1357 1402 qui
1390 1355 1510 1390 deno-

140 1424 181 1444 20
198 1412 324 1448 minat
356 1425 480 1448 unum
514 1411 738 1448 voluntarie
770 1421 992 1459 percutere,
1035 1421 1072 1448 et
1111 1412 1244 1460 passio
1277 1411 1511 1448 denominat

197 1470 319 1506 alium
353 1469 621 1506 involuntarie
654 1469 829 1517 percuti,
864 1478 900 1505 et
934 1469 1098 1506 indubie
1132 1469 1329 1517 contingit
1351 1470 1510 1517 placere

197 1527 364 1573 homini,
390 1529 498 1575 quod
522 1527 708 1563 inimicus
742 1540 837 1563 suus
870 1528 1108 1575 percutitur,
1143 1541 1233 1564 cum
1267 1530 1342 1564 hoc
1375 1527 1511 1576 displi-

198 1595 284 1622 ceat
316 1585 404 1632 sibi,
439 1587 546 1634 quod
580 1585 733 1621 amicus
773 1598 867 1621 suus
906 1598 996 1621 eum
1036 1585 1222 1634 percutit,
1264 1595 1301 1622 et
1346 1595 1510 1622 econtra

196 1642 392 1691 contingit
425 1643 465 1679 in
499 1656 592 1679 casu
617 1672 624 1678 .
651 1672 657 1679 .

140 1701 179 1734 25
253 1701 396 1737 Tercio
430 1701 694 1737 confirmatur
727 1713 770 1737 ex
804 1702 892 1748 hoc,
939 1703 1047 1750 quod
1086 1701 1116 1737 si
1155 1702 1287 1738 omnis
1327 1701 1507 1750 agencia,
1560 1708 1589 1735 lf
1605 1708 1643 1736 all
1663 1710 1764 1737 action

198 1772 277 1807 qua
301 1771 422 1806 agens
445 1758 525 1806 agit
550 1759 588 1794 in
613 1772 790 1806 passum,
824 1759 925 1795 foret
949 1759 1167 1796 subiective
1190 1759 1229 1796 in
1252 1773 1381 1808 passo,
1416 1769 1511 1795 tunc
1538 1752 1737 1816 subjegiggly
1756 1780 1787 1808 in

198 1816 329 1853 omnis
374 1816 464 1853 talis
511 1817 676 1864 agencia
728 1827 1046 1865 presupponeret
1095 1831 1256 1865 passum
1302 1813 1799 1878 tamquamevgioeassitissssifld

50 1874 421 1911 F.213¹subiectum
461 1887 593 1920 suum,
624 1871 628 1927 Ι
658 1887 828 1910 causans
868 1877 1049 1921 eandem,
1090 1885 1126 1911 et
1160 1888 1229 1924 per
1262 1888 1511 1924 consequens
1550 1857 1778 1924 prgsupposela

197 1933 308 1969 nulla
334 1932 518 1969 creancia
540 1933 601 1969 vel
626 1932 852 1977 causancia,
877 1946 955 1981 qua
979 1935 1085 1969 Deus
1110 1943 1247 1970 causat
1270 1943 1510 1980 creaturam,
1531 1922 1800 1987 effigffinffvfficffsis

141 1992 255 2026 30est
298 2002 419 2026 causa
465 1990 643 2026 eiusdem
690 1999 871 2026 creature
915 1993 984 2027 sed
1030 2000 1212 2037 econtra;
1260 2004 1510 2041 consequens
1599 1988 1725 2017 absurd.

197 2048 338 2084 falsum
375 2057 411 2084 et
446 2057 741 2096 contraponens
774 2048 890 2084 istam
925 2049 1174 2096 opinionem.
1209 2050 1250 2086 Si
1284 2063 1376 2098 ergo
1406 2053 1511 2086 Deus

198 2105 418 2143 successive
451 2114 560 2142 creat
583 2108 616 2142 A
639 2106 784 2154 ignem,
819 2115 940 2154 patet,
975 2109 1083 2155 quod
1116 2107 1184 2144 illa
1217 2108 1401 2145 cr'eancia
1431 2121 1513 2144 non

198 2172 256 2199 est
288 2163 505 2200 subiective
538 2163 578 2200 in
600 2165 647 2211 A,
682 2163 774 2212 quia
798 2163 866 2200 illa
890 2174 946 2200 est
979 2165 1227 2213 temporalis,
1262 2168 1410 2203 durans
1442 2178 1513 2214 per

196 2229 370 2269 ternpus,
415 2234 485 2270 per
524 2223 631 2270 quod
664 2223 695 2257 A
734 2235 826 2266 non,
872 2231 908 2258 et
948 2235 1037 2258 cum
1071 2225 1103 2259 A
1142 2223 1283 2271 incipit
1323 2237 1407 2260 esse
1444 2224 1511 2260 illa

141 2279 180 2311 35
198 2279 395 2325 creancia,
431 2279 577 2316 desinit
610 2292 707 2325 esse,
742 2292 815 2315 nec
848 2280 1080 2317 denominat
1119 2281 1273 2329 aliquid
1312 2282 1512 2330 complete

198 2334 376 2373 creatum
412 2337 559 2381 creari,
605 2337 709 2382 ideo,
755 2347 798 2373 ut
831 2339 1102 2375 communiter
1135 2339 1294 2386 dicitur,
1339 2353 1420 2377 non
1454 2347 1512 2376 est

198 2396 293 2431 dare
318 2395 568 2432 creacionem
593 2395 793 2442 passivam
818 2396 1098 2443 successivam,
1114 2396 1189 2433 nisi
1209 2397 1442 2434 continuum
1463 2398 1512 2434 sir

198 2452 467 2500 compositum
502 2466 545 2489 ex
578 2452 854 2501 non-quantis.
889 2453 1082 2490 Similiter
1114 2455 1279 2503 agencia
1312 2465 1368 2492 est
1401 2456 1511 2504 prius

196 2510 447 2556 naturaliter,
484 2523 602 2559 quam
639 2511 786 2558 passio,
821 2523 942 2559 quam
980 2511 1116 2557 infert,
1161 2513 1251 2549 ideo
1291 2515 1510 2550 secundum

138 2579 182 2609 40
198 2577 439 2615 exponentes
462 2570 590 2604 Autor
614 2568 727 2616 ponit
750 2568 959 2616 agenciam
982 2569 1021 2605 in
1046 2569 1291 2607 diffinicione
1315 2571 1511 2619 passionis

266 2685 311 2705 20.
336 2678 431 2705 Cod.:
460 2679 587 2706 d'noiat.
725 2687 771 2713 24.
797 2679 891 2707 Coa'..·
912 2670 934 2707 T
954 2672 1009 2707 cai]
1037 2681 1143 2708 ultima
1166 2681 1254 2708 liuius
1273 2682 1417 2709 sectionis
1432 2690 1512 2717 pars

198 2716 306 2748 aperte
325 2716 473 2748 corrupla
495 2714 543 2741 vel
560 2714 713 2741 mutilata.

212 2812 216 2814 Β
266 2782 322 2813 40.
348 2773 472 2805 Autor:
492 2773 544 2815 Cf.
561 2773 702 2805 Gilberti
724 2774 900 2806 porretani
920 2776 986 2806 Sex
1000 2775 1254 2818 Principiorum
1272 2777 1346 2808 Lib.
1362 2788 1434 2819 cap.
1451 2778 1509 2809 III:

200 2820 325 2851 Passio
366 2824 417 2852 est
454 2819 595 2862 effectus
637 2821 819 2863 illatioque
858 2821 1020 2861 actionis,
1058 2823 1249 2854 secundum
1282 2833 1387 2865 quam
1428 2825 1513 2856 haec

1325 2881 1373 2923 7ss
