2056 3234
211 182 336 217 Quaest.
353 181 402 210 VI·
494 185 723 223 Quaestioncs
749 184 882 227 logicae
908 191 940 216 et
966 185 1239 228 philosophicae.
1723 182 1794 217 26¹

210 290 371 327 racione
404 289 515 326 cuius
547 302 626 326 una
659 298 803 327 natura
835 291 1154 328 transmutabilis
1196 301 1252 328 est
1291 292 1331 329 in
1370 306 1515 341 corpus

210 347 372 385 alterius
409 356 562 394 nature,
611 356 647 383 et
690 347 746 384 sic
792 348 948 396 capitur
993 349 1162 385 materia
1208 363 1229 386 a
1267 350 1515 399 philosophis

210 406 250 441 in
284 405 419 442 multis
452 405 549 441 locis
582 405 710 453 ipsam
747 405 956 442 materiam
992 406 1292 455 diffinientibus,
1327 418 1368 444 ut
1402 409 1514 445 Plato

210 463 305 499 dicit
337 463 464 511 ipsam
498 463 679 499 fraudem
714 463 861 508 fictam,
896 463 1038 500 crassis
1071 465 1246 501 tenebris
1280 465 1513 513 involutam,

177 520 441 557 §Aristoteles
464 520 589 557 eciam
616 519 851 556 diffiniendo
875 532 961 556 eam
984 525 1028 568 7Ἴ
1045 522 1297 570 Metaphisici
1313 523 1408 559 dicit
1427 536 1514 560 eam

208 591 287 614 non
320 590 403 614 esse
442 578 551 626 quid,
586 590 657 614 nec
691 578 820 626 quale,
854 591 926 614 nec
959 578 1111 627 aliquid
1150 579 1308 617 illorum
1344 581 1514 617 ericium.

267 635 457 681 Queritur
490 635 615 672 eciam
641 635 681 671 in
704 636 831 683 tytulo
854 636 1089 683 questionis,
1123 650 1172 673 an
1197 639 1325 674 celum
1352 651 1516 686 compo·
1557 648 1649 675 F01m
1671 648 1697 675 is
1718 649 1781 675 that

208 701 327 730 natur
364 696 422 729 ‘ex
462 692 630 729 materia
663 701 700 729 et
732 693 890 730 forma³.
937 695 1051 730 Unde
1088 704 1197 741 noto,
1239 697 1347 744 quod
1386 696 1516 733 forma
1554 683 1787 756 tffffigwi'sscaelfsst

209 750 446 799 generaliter
478 750 624 787 dicitur
655 750 766 797 illud,
801 763 870 798 per
903 763 1023 799 quam
1056 752 1117 788 vel
1148 755 1368 789 secundum
1393 766 1513 802 quam
1629 756 1707 779 ¹1¹⁵·

157 824 193 845 10
208 821 268 845 res
302 808 449 844 dicitur
481 808 703 845 formaliter
735 808 831 856 quid
862 809 923 845 vel
963 809 1132 846 alicuius
1167 811 1291 847 modi.
1337 813 1385 847 Et
1426 811 1514 847 talis
1555 821 1625 847 1t1s
1645 820 1785 860 mmm-sm

209 875 265 903 est
300 867 457 914 duplex,
491 866 586 915 quia
619 868 791 914 quedam
825 874 882 902 est
914 866 1132 904 intrinseca
1164 868 1232 914 rei,
1273 877 1310 905 et
1342 870 1513 917 quedam
1565 863 1601 883 or
1620 860 1774 883 emmfflc'

210 923 448 969 extrinseca3
494 924 623 960 forma
657 923 877 960 extrinseca
910 933 967 960 est
1007 925 1162 972 duplex,
1209 926 1303 974 quia
1342 928 1514 975 quedam

209 981 364 1018 inheret
401 981 476 1029 ipsi
515 981 585 1028 rei,
632 989 840 1030 tamquam
881 991 1089 1018 causatum
1129 996 1201 1020 suo
1247 993 1411 1020 causato
1454 985 1516 1020 vel

209 1039 479 1088 principatum
518 1052 591 1076 suo
629 1038 885 1087 principiam,
927 1048 964 1076 et
1003 1040 1102 1076 tales
1142 1050 1233 1077 sunt
1276 1041 1517 1090 multiplices

156 1101 192 1133 15
209 1098 426 1134 secundum
454 1097 751 1134 multitudinem
777 1106 813 1133 et
837 1096 1143 1134 distinccionem
1166 1099 1388 1135 formarum
1414 1099 1516 1136 acci-

209 1155 442 1192 dentalium.
466 1155 553 1191 Alia
577 1163 709 1191 autem
736 1163 792 1192 est
814 1154 945 1191 forma
970 1156 1200 1203 extrinseca,
1224 1170 1306 1193 non
1330 1157 1516 1194 inherens
1541 1163 1695 1191 Exninsic
1716 1164 1795 1191 form

208 1212 278 1259 rei,
324 1214 392 1249 sed
435 1213 566 1249 solum
611 1214 660 1250 ab
713 1213 934 1249 extrinseco
978 1225 1065 1250 eam
1112 1215 1411 1251 denominando
1455 1216 1516 1252 vel
1532 1198 1804 1272 mffssbaessfflffffm

207 1271 434 1318 formando,
470 1279 506 1307 et
528 1270 618 1307 talis
641 1269 788 1307 dicitur
814 1282 897 1307 esse
919 1270 1049 1308 forma
1073 1272 1309 1320 exemplaris
1335 1273 1404 1319 rei,
1437 1286 1514 1321 que
1548 1268 1729 1329 Oesxffiylgl?
1742 1268 1788 1329 ἒξ

207 1341 289 1365 non
321 1337 377 1365 est
406 1327 528 1375 aliud,
551 1341 671 1377 quam
705 1328 918 1375 exemplar,
953 1330 1002 1365 ad
1035 1331 1143 1378 quod
1176 1330 1339 1378 respicit
1370 1330 1515 1378 opifex,
1571 1311 1760 1364 idealpform.

152 1400 194 1421 20
208 1395 250 1422 ut
283 1387 332 1423 ad
365 1385 447 1422 eius
480 1385 783 1423 similitudinem
823 1386 968 1422 formet
1007 1399 1108 1435 opus
1140 1400 1270 1435 suum,
1310 1388 1411 1425 sicut
1449 1400 1517 1436 pes

208 1444 373 1492 ligneus,
419 1445 469 1480 ad
507 1456 625 1492 quem
665 1443 827 1492 respicit
868 1453 991 1489 sutor,
1036 1453 1079 1481 ut
1123 1447 1343 1482 secundum
1387 1446 1515 1494 ipsam

208 1502 381 1538 formam
426 1502 575 1538 soleam
624 1501 769 1538 dicitur
811 1502 941 1537 forma
981 1503 1100 1542 solee.
1154 1505 1201 1539 Et
1244 1504 1343 1540 tales
1388 1504 1515 1540 forme

210 1560 465 1607 exemplares,
496 1560 668 1608 quedam
692 1567 783 1596 sunt
806 1568 952 1606 eterne,
987 1568 1024 1596 et
1054 1562 1226 1609 quedam
1250 1562 1514 1610 temporales;

210 1618 336 1654 forme
381 1617 485 1654 enim
531 1617 775 1665 exemplares
821 1626 953 1653 eterne
1001 1627 1090 1654 sunt
1134 1618 1317 1656 raciones
1355 1620 1515 1667 ydeales

154 1675 338 1723 25prime
372 1687 510 1722 cause;
553 1687 623 1722 per
662 1687 910 1724 consequens
950 1687 1067 1712 causa
1108 1676 1237 1724 prima
1277 1677 1516 1724 productiva

211 1741 247 1769 et
285 1732 487 1769 causativa
525 1741 581 1769 est
619 1745 752 1769 rerum
791 1735 968 1780 adextra,
1009 1742 1045 1770 et
1077 1734 1177 1770 tales
1210 1747 1232 1771 a
1265 1734 1516 1783 philosophis

81 1794 114 1826 F.
135 1805 195 1837 190
211 1790 397 1827 dicuntur
431 1787 436 1843 Ι
469 1803 602 1827 rerum
643 1791 946 1828 concreatriccs.
993 1793 1040 1828 Et
1078 1791 1153 1827 nisi
1192 1793 1290 1828 tales
1335 1792 1516 1829 raciones
1554 1798 1578 1826 It
1600 1798 1625 1825 is
1646 1799 1781 1835 byideal

209 1848 366 1896 ydeales
389 1856 644 1897 ponerentur,
668 1857 750 1885 tota
774 1848 1010 1885 universitas
1035 1849 1192 1886 encium
1218 1849 1315 1887 citra
1339 1850 1514 1899 primum
1572 1833 1676 1903 ᾗῇᾞὲξ
1696 1833 1772 1895 {1¹21th

211 1906 397 1943 deficeret
419 1908 468 1943 ab
493 1919 576 1943 esse
598 1906 861 1953 nobilissimo,
887 1908 995 1956 quod
1019 1908 1165 1944 habent
1189 1907 1300 1944 encia
1323 1908 1363 1944 in
1387 1907 1517 1956 prima
1541 1902 1794 1965 ῖῐὲξῑὲιξξῑξὲυέἓ

154 1969 196 2001 30
212 1976 343 2010 causa,
390 1973 427 2001 et
465 1964 520 2001 sic
556 1972 642 2001 tota
680 1964 917 2001 universitas
956 1965 1114 2002 encium
1154 1965 1441 2002 anichilaretur
1474 1979 1517 2002 ex

211 2034 270 2068 eo,
310 2024 417 2070 quod
449 2023 546 2059 tales
578 2022 760 2059 raciones
792 2031 883 2059 sunt
914 2031 1123 2071 tamquam
1157 2023 1310 2060 radices
1344 2024 1515 2071 ericium,

211 2079 478 2117 mediantibus
511 2080 654 2129 quibus
688 2080 799 2117 encia
832 2080 961 2129 prime
995 2093 1112 2118 cause
1144 2081 1327 2118 inherent
1362 2090 1399 2118 et
1426 2094 1518 2130 pro—

279 2211 325 2236 20,
345 2210 384 2230 21.
406 2211 459 2238 pes
479 2203 598 2238 ligneus
617 2203 654 2230 ad
675 2204 776 2242 quem]
797 2203 862 2230 cod.
886 2203 1003 2239 poliges
1024 2204 1140 2239 kopijto
1161 2204 1237 2239 (sic).
1310 2204 1356 2239 30,
1370 2203 1409 2232 31.
1426 2204 1520 2232 Coei:

211 2237 325 2272 quibus
345 2246 380 2264 ex
400 2246 435 2264 eo
456 2238 537 2272 quod
558 2239 634 2265 tales
654 2246 793 2265 raciones
813 2238 907 2265 encia.

185 2335 189 2337 r
281 2310 311 2342 3.
331 2309 447 2340 multis
465 2309 572 2341 locis.
610 2316 674 2340 ‚ut
691 2310 788 2341 Plato
808 2310 901 2351 dicit]
923 2311 967 2352 cf.
986 2310 1088 2341 Arist.
1106 2311 1182 2341 Nat.
1198 2311 1301 2341 Ausc.
1320 2310 1364 2341 IV
1382 2320 1397 2340 2
1420 2310 1515 2351 [4],2

212 2359 244 2387 et
274 2355 290 2387 5
319 2355 402 2395 (Ed.
430 2356 511 2389 Par.
539 2357 579 2387 II
599 2357 678 2395 286,
705 2357 757 2386 43²
782 2365 825 2388 ss.
853 2360 887 2388 et
912 2357 993 2397 287,
1020 2357 1068 2387 15
1085 2357 1146 2396 ss.)
1172 2357 1223 2387 De
1251 2356 1358 2387 Coelo
1384 2356 1429 2387 IV
1449 2366 1478 2396 2,
1499 2366 1515 2387 2

212 2402 296 2441 (Ed.
316 2403 398 2433 Par.
419 2403 556 2441 11424,
577 2403 626 2432 34
643 2403 720 2442 ss.):
748 2400 818 2433 'En
836 2412 946 2433 τινων
962 2399 1028 2444 γὰρ
1047 2403 1121 2434 τῶν
1137 2399 1261 2433 αὐτῶν
1279 2396 1371 2434 εἶναι
1394 2401 1513 2434 πάντα

212 2445 256 2479 τὰ
285 2446 435 2489 σώματα
459 2445 518 2479 καὶ
543 2448 627 2489 μιᾶς
651 2447 748 2490 ὕλης,
773 2446 845 2479 ἀλλ’
863 2445 906 2480 οὐ
932 2446 1062 2479 δοκεῖν
1138 2448 1168 2480 5.
1191 2448 1242 2491 Cf.
1262 2449 1365 2480 Arist.
1375 2449 1446 2488 VII,
1465 2447 1516 2480 16

212 2494 297 2534 (Ed.
318 2495 399 2527 Par.
420 2495 558 2532 11558,
577 2497 625 2526 26
643 2496 723 2534 ss.).·
747 2493 853 2525 Ἐστι
878 2492 910 2525 δ’
927 2491 1034 2525 οὐσία
1059 2489 1099 2525 τὸ
1125 2492 1373 2536 ὑποκείμενον,
1400 2492 1515 2531 ἄλλως

212 2536 276 2593 μὲν
307 2536 329 2581 ἡ
359 2538 424 2581 ὕλη
456 2539 560 2581 (ὕλην
590 2537 629 2571 δὲ
659 2539 747 2580 λέγω
780 2536 802 2581 ἣ
828 2537 875 2582 μὴ
901 2537 985 2572 τόδε
1010 2550 1044 2571 τι
1068 2535 1161 2571 οὖσα
1185 2537 1343 2582 ἐνεργείᾳ
1368 2538 1520 2582 δυνάμει

212 2581 286 2616 ἐστὶ
311 2583 394 2617 τόδε
420 2587 469 2626 τι)
494 2584 608 2623 ἄλλως
632 2583 663 2616 δ’
681 2583 700 2617 ὁ
726 2583 828 2626 λόγος
858 2583 917 2617 καὶ
942 2583 964 2627 ἡ
995 2584 1130 2628 μορφή.
1231 2585 1281 2618 18.
1307 2596 1350 2618 ss.
1376 2586 1518 2618 Roberti

214 2631 428 2663 Grosseteste
471 2632 625 2673 episcopi
663 2632 915 2663 Lincolniensis
958 2632 1125 2673 epistolae
1156 2632 1167 2663 Ι
1201 2632 1270 2673 (ed.
1309 2632 1348 2663 R.
1391 2633 1517 2672 Luard,

213 2687 246 2719 p.
267 2678 317 2719 3):
344 2677 488 2709 Dicitur
515 2679 632 2719 itaque
651 2679 777 2720 forma
802 2678 1000 2720 exemplar,
1026 2678 1074 2710 ad
1099 2678 1192 2720 quod
1215 2679 1354 2720 respicit
1370 2679 1518 2721 artifex,

214 2727 253 2754 ut
278 2723 326 2755 ad
351 2724 426 2755 eius
453 2723 686 2756 imitationem
706 2729 739 2756 et
756 2723 1019 2756 similitudinem
1037 2725 1178 2766 formet
1194 2734 1294 2756 suum
1313 2724 1518 2767 artificium.

214 2769 272 2801 Sic
297 2779 361 2811 pes
394 2770 538 2811 ligneus,
575 2770 623 2800 ad
653 2780 755 2812 quem
790 2769 931 2810 respicit
963 2774 1073 2810 sutor,
1112 2774 1151 2801 ut
1181 2770 1370 2803 secundum
1404 2770 1517 2811 ipsam

204 2816 342 2857 formet
366 2815 508 2856 soleam,
534 2815 665 2848 dicitm
680 2817 806 2858 forma
832 2816 932 2849 solee.
