2056 3234
227 178 277 213 86
956 187 1181 218 JOHANNIS
1207 187 1375 218 WICLIF
1664 184 1754 211 ctu».
1775 184 1826 212 ix.

223 300 499 339 &Aggregative-lffl
575 292 726 330 Ultimo
766 292 964 341 accipitur
1003 293 1170 341 agencia
1213 292 1466 340 aggregative
1506 294 1567 329 vel
1607 305 1650 329 ex
1691 294 1827 329 multis

259 337 459 397 asdffssffisstot
516 350 690 398 agenciis
725 350 918 397 collectis,
952 361 995 388 ut
1027 360 1181 388 tractus
1214 350 1324 387 navis
1358 363 1428 398 per
1461 351 1609 387 multos
1642 350 1828 387 homines

242 405 479 466 activities'toma
514 418 681 444 vocatur
714 421 816 444 unus
849 418 1000 446 tractus
1034 409 1094 446 vel
1117 421 1191 457 pro
1224 417 1441 456 aggregato
1475 421 1519 445 ex
1548 410 1666 445 rebus
1700 408 1828 445 diver-

241 447 388 467 common
409 447 435 466 dl
476 460 481 464 ’
514 479 651 502 sorum
677 479 884 514 generum,
919 477 961 504 ut
994 466 1153 505 edificia
1187 475 1224 503 et
1247 466 1444 515 quotlibet
1478 466 1710 504 huiusmodi
1733 480 1829 515 ope-

515 524 650 560 rancie
684 524 928 572 artificiales,
963 535 1000 562 et
1033 537 1102 574 per
1125 524 1221 561 istas
1255 524 1588 572 equivocaciones
1621 525 1829 561 solvuntur

515 591 551 618 et
585 581 864 630 intelliguntur
897 583 1003 620 dicta
1037 591 1225 620 autorum
1259 582 1299 618 in
1332 582 1408 618 ista
1442 583 1621 619 materia.

310 647 413 686 Three
572 642 625 676 Ex
659 639 744 676 istis
777 640 1147 688 significacionibus
1180 640 1275 689 quid
1308 640 1496 687 nominis,
1531 640 1745 689 applicatis
1778 642 1828 677 ad

253 683 468 710 ⁶⁰¹¹⁶¹u⁵¹⁰¹¹s²
515 711 576 734 res
609 697 799 746 signatas,
835 711 857 735 a
890 700 1024 736 subtili
1059 699 1302 748 philosopho
1327 699 1524 746 cognitas,
1558 707 1726 746 possunt
1749 698 1827 735 tria

513 769 583 804 per
616 755 799 792 ordinem
834 770 1043 805 apparere.

237 829 257 848 1.
278 821 391 860 Action
412 829 482 856 may
573 814 752 850 Primum
777 823 834 850 est
859 815 1000 852 divisio
1024 815 1179 864 generis
1204 814 1395 861 accionis,
1420 815 1628 863 quomodo
1652 816 1825 863 quedam

232 857 267 883 be
287 856 438 925 {lssssfflss‘ld
460 864 492 883 ³⁵
516 881 572 908 est
596 872 763 920 agencia
787 874 1025 921 corporalis,
1060 882 1097 910 et
1121 874 1292 922 quedam
1325 885 1404 909 non
1429 872 1664 921 corporalis.
1698 875 1827 921 Agen-

245 926 421 988 ῑηθῗιζξξρξ]
442 933 478 952 or
516 930 576 966 cia
622 930 846 978 corporalis
895 941 953 968 est
998 931 1163 980 agencia
1207 931 1437 967 substancie
1475 933 1696 968 secundum
1742 930 1825 967 eius

515 997 648 1036 partes
695 990 939 1036 corporales,
986 999 1027 1026 ut
1072 989 1364 1035 illuminancia‚
1419 989 1700 1026 calefaciencia
1749 998 1823 1025 etc.

515 1046 701 1091 Quelibet
745 1055 879 1083 autem
926 1047 1016 1084 talis
1061 1056 1119 1084 est
1165 1048 1271 1083 mole
1313 1060 1470 1095 magna.
1516 1047 1692 1095 Agencia
1730 1059 1824 1083 vero

513 1104 842 1152 non—corporalis
875 1106 935 1142 vel
958 1105 1178 1154 spiritualis
1203 1115 1262 1143 est
1284 1105 1449 1153 agencia
1473 1105 1703 1142 substancie
1723 1104 1824 1141 indi-

513 1162 679 1198 visibilis
703 1175 782 1210 quo
817 1164 867 1199 ad
892 1165 1055 1210 molem,
1089 1172 1131 1200 ut
1155 1164 1364 1201 movencia
1397 1163 1506 1200 orbis
1529 1176 1600 1212 per
1623 1162 1823 1211 spiritum.

513 1220 599 1256 Alie
632 1229 766 1257 autem
801 1222 977 1268 agende,
1002 1234 1079 1270 que
1102 1224 1298 1259 accedunt
1321 1221 1469 1270 partim
1494 1223 1544 1258 ad
1568 1220 1824 1258 condiciones

514 1278 677 1326 agencie
722 1278 942 1326 spiritualis
991 1289 1028 1316 et
1073 1280 1221 1328 partim
1267 1281 1317 1316 ad
1362 1279 1619 1316 condiciones
1661 1278 1824 1327 agencie

514 1337 738 1384 corporalis
772 1336 961 1387 dicuntur
995 1338 1149 1374 mixtim
1191 1339 1413 1375 secundum
1447 1338 1557 1386 quid,
1597 1351 1704 1374 nunc
1737 1350 1824 1374 cor-

515 1394 686 1441 porales,
721 1403 758 1431 et
789 1408 896 1432 nunc
919 1395 1164 1444 spirituales,
1199 1397 1420 1433 secundum
1444 1397 1641 1444 quotlibet
1663 1397 1824 1444 gradus,

513 1462 555 1488 ut
579 1452 857 1489 illuminancia
881 1454 1002 1490 medii
1027 1463 1064 1490 et
1087 1454 1254 1502 agencia
1278 1453 1425 1503 speciei
1449 1454 1637 1491 dicuntur
1660 1453 1824 1501 agencie

515 1510 641 1557 magis
680 1510 924 1558 spirituales,
970 1525 1090 1560 quam
1134 1512 1341 1558 sonancia,
1386 1511 1610 1549 odorancia
1647 1513 1708 1548 vel
1747 1511 1824 1548 alia

514 1569 784 1616 evaporativa,
832 1582 892 1615 eo,
934 1572 1042 1618 quod
1075 1570 1206 1606 minus
1246 1572 1393 1607 habent
1432 1571 1479 1606 de
1519 1569 1824 1607 condicionibus

516 1626 812 1672 materialibus;
854 1627 955 1664 sicut
996 1637 1032 1664 et
1071 1628 1238 1664 virtutes
1283 1628 1426 1665 talium
1465 1627 1695 1677 perceptive
1735 1637 1825 1664 sunt

515 1685 603 1732 plus
637 1685 787 1721 elevate
820 1698 842 1722 a
879 1685 1059 1723 materia.

275 1747 442 1786 Afiirther
573 1744 620 1777 Et
664 1751 795 1789 potest
847 1743 933 1779 fieri
987 1743 1128 1780 divisio
1180 1743 1349 1780 ulterior
1402 1743 1564 1791 agencie
1616 1743 1826 1792 utriusque

234 1782 483 1852 ac‘tiffilfflss'ssfsse
515 1799 685 1836 membri
718 1802 940 1837 secundum
965 1801 1237 1838 diversitatem
1262 1800 1473 1850 agencium
1505 1810 1573 1838 aut
1605 1803 1823 1838 secundum

224 1851 499 1913 Ἓάξιιὲῡὲξὲξὲξὲ
515 1857 785 1895 diversitatem
830 1861 1124 1906 productorum
1170 1859 1254 1896 istis
1287 1859 1474 1907 agenciis,
1520 1872 1597 1908 que
1630 1861 1827 1908 producta

240 1921 415 1960 otjactivity
434 1929 470 1948 or
512 1915 721 1952 variantur
754 1929 797 1953 ex
819 1917 1048 1954 variacione
1071 1917 1354 1966 disposicionis
1387 1917 1508 1965 passi,
1532 1926 1601 1954 aut
1624 1930 1668 1954 ex
1699 1917 1826 1954 varia—

269 1960 308 1983 ¹²⁵
329 1958 450 1984 results.
513 1973 627 2010 cione
661 1974 770 2010 modi
793 1975 950 2022 agendi,
985 1975 1086 2012 sicut
1110 1985 1202 2012 sunt
1225 1974 1387 2023 agencie
1410 1975 1599 2023 pellendi,
1624 1975 1824 2022 trahendi,

514 2040 551 2067 et
585 2031 929 2078 circumducendi,
965 2042 1002 2069 et
1034 2033 1090 2070 sic
1123 2046 1203 2070 non
1236 2035 1366 2070 solum
1400 2046 1445 2069 ex
1475 2033 1702 2071 variacione
1734 2046 1826 2082 pro-

513 2089 620 2126 ducti
654 2089 833 2126 variatur
865 2090 1044 2138 agencia,
1090 2091 1184 2140 quia
1216 2104 1298 2128 non
1331 2091 1451 2128 refert
1484 2104 1564 2140 quo
1598 2093 1648 2128 ad
1681 2092 1824 2128 altera-

513 2146 667 2183 cionem
703 2147 783 2184 sive
828 2160 947 2196 agens
980 2149 1266 2197 incorporeum
1308 2149 1387 2186 sive
1421 2162 1541 2197 agens
1581 2162 1822 2198 corporeum

512 2205 646 2241 celesti
680 2205 759 2242 sive
804 2207 1019 2243 sublunare
1052 2208 1205 2253 alteret,
1251 2216 1294 2244 ut
1326 2216 1436 2255 patet
1474 2209 1521 2244 de
1555 2208 1825 2244 calefaccione

516 2262 690 2299 bominis
737 2276 781 2299 ex
814 2264 1000 2311 passione
1049 2264 1186 2312 animi,
1222 2278 1265 2301 ex
1297 2266 1378 2302 sole
1417 2274 1454 2301 et
1487 2278 1530 2302 ex
1564 2265 1665 2313 igne.
1712 2267 1856 2303 Cale—„⁰

511 2320 686 2356 facencie
719 2334 821 2359 vero
846 2323 1018 2358 multum
1052 2323 1254 2359 differunt.

568 2378 837 2426 Agenciarum
872 2392 966 2416 vero
990 2382 1163 2429 quedam
1187 2389 1244 2417 est
1268 2393 1375 2417 mere
1404 2381 1612 2426 naturalis,
1647 2390 1690 2418 ut
1723 2383 1824 2418 cale-

511 2436 689 2472 facencia
733 2437 847 2485 ignis,
881 2439 1055 2485 quedam
1100 2447 1234 2474 autem
1268 2439 1406 2484 libera,
1451 2447 1495 2475 ut
1536 2439 1824 2487 multiplicacio

511 2493 689 2541 spiritus.
736 2497 783 2530 Et
823 2503 1039 2544 utrumque
1087 2498 1311 2533 membrum
1358 2496 1465 2545 capit
1509 2497 1823 2534 subdivisionem

1846 528 1861 560 5

1847 829 1884 849 10

1845 1106 1880 1139 15

511 2553 731 2587 secundum
766 2552 1039 2589 variacionem
1064 2553 1356 2602 principiorum
1391 2555 1547 2603 agendi,
1582 2555 1685 2591 sicut
1707 2555 1823 2592 facile
1837 2568 1882 2599 40

511 2618 568 2644 est
612 2609 786 2646 naturali
832 2611 1075 2659 philosopho
1121 2612 1275 2648 elicere.
1322 2612 1386 2649 Sic
1431 2625 1524 2661 ergo
1558 2614 1732 2661 quedam
1767 2622 1825 2650 est

510 2666 675 2713 agencia
707 2668 757 2703 ad
790 2669 1076 2715 substanciam,
1111 2678 1147 2706 et
1180 2671 1353 2717 quedam
1386 2672 1436 2707 ad
1469 2671 1674 2716 accidens3
1709 2680 1757 2716 et,
1792 2670 1823 2707 si

578 2819 608 2844 4.
630 2811 817 2845 huiusmodi]
839 2812 925 2840 cod..·
948 2813 1021 2848 hui9
1043 2814 1086 2847 (=
1108 2814 1220 2848 huius).
1294 2813 1340 2848 34,
1361 2815 1474 2849 alteret]
1496 2815 1584 2843 cod.:
1606 2816 1682 2850 altos.
