2056 3234
202 194 291 222 CAP-
313 194 393 222 XVI·
517 197 577 227 DE
603 196 728 227 ENTE
756 196 1175 227 PREDICAMENTALI.
1720 187 1790 224 155

201 313 281 340 tam
315 316 434 351 agens
467 316 585 351 quam
620 315 780 351 passum
812 303 930 338 habet
952 301 1157 350 propriam
1183 301 1508 349 proporcionem,

203 361 478 409 principaliter
518 374 539 397 a
573 363 656 397 Deo
702 372 744 396 ex
783 359 919 395 multis
968 360 1190 405 collectam,
1238 368 1274 395 et
1318 359 1373 395 sic
1418 372 1509 406 pro-

202 418 340 467 porcio
378 420 485 455 nuda
524 418 685 466 ponitur
718 417 870 465 agentis
909 419 956 453 ad
991 430 1174 465 passum3
1214 430 1294 452 non
1327 426 1385 453 est
1417 429 1509 464 pro-

201 476 354 524 porcio,
394 489 512 524 quam
550 485 680 512 motus
719 475 988 523 consequitur,
1031 475 1097 511 sed
1130 474 1338 522 ydoneitas
1378 474 1508 510 tocius

170 534 354 582 Dagentis
388 535 439 570 ad
473 542 601 569 totum
637 546 810 581 passum.

260 594 338 627 Nec
380 600 541 639 oportet
579 604 651 627 nos
690 590 911 636 sollicitari,
952 598 1146 639 quantum
1189 592 1236 626 de
1274 598 1416 637 agente
1449 590 1509 627 vel

202 662 319 697 passo
354 649 506 685 confert
540 650 589 685 ad
623 648 730 685 illam
762 647 1087 696 proporcionem,
1122 648 1223 684 sicut
1246 660 1326 685 non
1349 656 1509 696 oportet

202 719 272 742 nos
320 706 542 753 sollicitari,
588 719 708 754 quam
757 707 919 754 longum
966 705 1015 741 sit
1053 706 1233 753 spacium
1279 715 1347 743 aut
1388 718 1508 753 quam

200 764 311 800 velox
355 764 403 800 sit
443 773 594 810 motus;
639 766 707 800 sed
745 776 834 800 cum
874 776 896 799 a
934 763 1187 800 sensibilibus
1226 777 1305 800 non
1350 762 1402 799 sit
1449 775 1509 799 ex-

149 833 186 854 10
201 823 399 870 pectanda
438 821 624 867 sciencia,
662 831 705 857 ut
744 821 839 858 dicit
871 820 1116 869 Augustinus
1150 821 1222 857 83³
1256 829 1382 870 quest.
1416 833 1510 869 que-

202 879 332 916 stione
358 883 417 927 90,
451 888 610 927 oportet
643 879 739 916 talia
773 891 916 927 capere
950 892 993 915 ex
1021 879 1319 927 supposicione.
1355 879 1510 915 Scimus

202 936 321 982 enim,
367 939 474 985 quod
513 946 592 974 tam
629 938 676 973 de
714 946 855 984 agente
894 949 1104 985 corporeo,
1144 950 1263 985 quam
1305 938 1351 972 de
1391 949 1508 984 passo

202 1004 259 1031 est
299 996 394 1031 dare
434 1003 582 1031 certam
624 1004 795 1043 partem,
835 1008 911 1043 que
949 1007 1019 1043 per
1057 1007 1097 1031 se
1135 1003 1245 1031 tante
1282 1003 1417 1043 ageret
1449 994 1510 1030 vel

202 1052 413 1098 resisteret,
455 1052 558 1089 sicut
590 1065 705 1088 suum
739 1061 884 1099 totum,
923 1062 959 1089 et
992 1052 1187 1101 quotlibet
1219 1052 1295 1089 alie
1328 1065 1408 1088 non
1440 1051 1508 1098 sic,

149 1109 185 1141 15
202 1112 269 1147 sed
304 1123 379 1158 que
412 1119 502 1146 sunt
534 1110 613 1156 illa,
648 1110 848 1146 nescimus
881 1123 998 1147 sensu
1029 1112 1253 1147 ostendere.

260 1167 435 1204 Ulterius
476 1168 634 1212 scimus,
679 1169 785 1216 quod
819 1171 923 1204 Deus
964 1168 1098 1213 multis
1132 1168 1261 1204 modis
1294 1168 1409 1204 nobis
1442 1168 1509 1203 ab·
1537 1173 1594 1216 We
1615 1175 1705 1201 know
1726 1174 1789 1200 that

202 1225 393 1262 sconditis
426 1235 555 1274 potest
588 1226 717 1262 facere
750 1226 959 1272 miracula,
999 1236 1041 1262 ut
1073 1226 1204 1274 ignem
1239 1235 1370 1274 posset
1403 1228 1509 1261 Deus
1566 1209 1759 1271 ξῗξᾏςῗεζῖξζ

203 1283 258 1319 sic
292 1283 404 1319 unire
438 1293 474 1319 et
507 1283 712 1331 applicare
746 1297 876 1331 passo,
910 1284 1040 1332 ipsum
1075 1283 1249 1320 iuvando
1278 1297 1323 1320 ac
1348 1295 1509 1332 passum
1558 1286 1768 1340 fflg{L3'i}V}{{{'

203 1340 443 1387 debiliendo,
477 1342 585 1389 quod
619 1342 912 1389 quantumlibet
934 1341 1123 1378 velociter
1146 1351 1280 1390 ageret
1302 1341 1509 1386 inunum,
1570 1347 1677 1375 within
1699 1355 1756 1374 our

147 1409 187 1430 20
202 1399 441 1435 dimittendo
474 1398 595 1444 aliud,
636 1408 677 1434 ut
711 1408 820 1446 patet
859 1401 906 1436 de
940 1399 1098 1436 camino
1136 1399 1237 1447 ignis
1271 1408 1307 1435 et
1341 1401 1387 1435 de
1420 1400 1510 1434 sub·
1530 1382 1799 1452 Cgssloffissffifeffiesjg}

201 1456 403 1493 traccione
448 1456 608 1492 luminis
646 1457 786 1493 solaris
826 1467 958 1505 posset
997 1470 1081 1493 esse
1122 1470 1191 1505 per
1230 1456 1510 1505 interposicio-

202 1527 293 1550 nem
328 1514 444 1562 opaci
478 1514 518 1550 in
551 1527 807 1563 quocumque
840 1515 976 1563 spacio
1000 1515 1332 1563 proporcionato,
1363 1512 1366 1567 Ι
1396 1523 1433 1551 et
1455 1513 1511 1550 sic

65 1573 187 1614 F0227
203 1574 250 1608 de
290 1572 643 1620 retrogradacione
682 1573 742 1608 vel
781 1573 959 1609 stacione
999 1573 1105 1617 solis,
1148 1586 1268 1621 quam
1304 1572 1420 1609 facile
1454 1582 1510 1608 est

203 1630 389 1678 angelum
423 1630 554 1666 facere
587 1631 680 1666 data
719 1630 792 1666 sibi
828 1640 1025 1678 potestate
1065 1632 1115 1667 ad
1151 1632 1238 1676 hoc,
1279 1643 1371 1678 ymo
1406 1632 1511 1666 Deus

147 1688 185 1720 25
203 1687 276 1724 scit
317 1687 630 1735 proporcionare
672 1700 830 1735 passum
873 1688 1167 1737 quantumlibet
1212 1688 1353 1731 debile,
1404 1689 1512 1736 quod

202 1746 357 1782 nullum
383 1758 503 1793 agens
527 1754 706 1782 creatum
732 1746 931 1782 sufficeret
955 1746 994 1782 in
1018 1746 1123 1782 idem
1146 1747 1366 1782 secundum
1391 1746 1511 1782 talem

205 1803 536 1851 applicacionem,
578 1812 620 1839 ut
653 1812 770 1851 capto
809 1804 1010 1852 frangibili
1044 1804 1203 1840 unionis
1238 1803 1513 1840 continuitatis

204 1861 284 1896 sive
317 1870 445 1897 stante
470 1861 868 1908 perpendiculariter,
902 1871 944 1898 ut
968 1863 1200 1910 columpna,
1233 1862 1312 1898 sive
1335 1861 1513 1897 trahibili

205 1927 245 1954 ut
270 1921 403 1963 corda,
423 1918 478 1955 sic
495 1921 601 1966 quod
617 1932 696 1955 non
712 1919 851 1967 pocius
875 1920 1125 1968 frangeretur
1148 1921 1366 1956 secundum
1392 1919 1511 1956 talem

148 1979 188 2009 30
205 1976 521 2024 applicacionem
556 1977 595 2012 in
624 1990 702 2013 una
727 1986 838 2025 parte
862 1991 982 2026 quam
1007 1978 1046 2014 in
1069 1978 1159 2024 alia,
1193 1988 1301 2024 tunc,
1334 1977 1511 2025 inquam,

205 2036 309 2070 Deus
347 2043 571 2070 sustentans
611 2047 723 2071 suam
757 2036 883 2083 legem
919 2044 1096 2072 eternam
1131 2044 1169 2071 et
1200 2034 1511 2083 insuperabilem

205 2093 252 2127 de
292 2092 549 2140 equabilitate
589 2092 852 2138 continencie,
892 2105 934 2129 ex
974 2106 1051 2141 qua
1089 2106 1169 2130 non
1209 2102 1340 2141 potest
1381 2101 1512 2128 motus

206 2151 437 2196 procedere,
486 2152 596 2186 daret
641 2150 709 2186 tali
754 2163 873 2198 passo
910 2151 1086 2198 vigorem
1132 2151 1316 2187 resistere
1356 2150 1509 2198 pocius,

206 2220 325 2255 quam
361 2209 472 2243 daret
505 2207 577 2243 soli
610 2208 756 2244 femine
795 2208 1043 2256 impregnate
1077 2209 1304 2256 potenciam
1343 2207 1512 2244 necessi—

149 2266 187 2297 35
206 2274 356 2301 tantem
390 2267 438 2301 ad
463 2264 697 2313 pariendum
725 2266 959 2302 masculum.
993 2266 1107 2302 Talia
1131 2275 1221 2302 sunt
1246 2267 1370 2302 multa
1395 2265 1513 2301 mira-

202 2322 313 2368 bilia,
346 2332 387 2359 ut
419 2332 527 2370 patet
561 2324 607 2359 de
640 2323 831 2370 tonitruo,
867 2325 913 2359 de
942 2323 1022 2360 ictu
1045 2324 1220 2360 fulminis
1243 2333 1280 2360 et
1304 2323 1403 2369 aliis,
1438 2335 1513 2371 que

206 2389 327 2428 agunt
371 2382 588 2417 secundum
629 2382 734 2428 leges
776 2381 1049 2429 infrangibiles
1088 2381 1129 2417 in
1166 2381 1310 2418 virtute
1350 2380 1513 2418 maioris

281 2538 329 2559 10.
351 2529 403 2570 Cf.
422 2529 510 2570 Aug.
525 2529 576 2560 De
595 2529 739 2560 diversis
756 2529 896 2568 Quaest.
915 2528 1000 2560 liber
1016 2529 1156 2568 Quaest.
1172 2540 1192 2572 9
1211 2530 1345 2571 (Migne
1360 2529 1425 2560 XL
1439 2530 1514 2569 14).-

210 2573 331 2611 Omne,
364 2574 456 2615 quod
481 2584 673 2616 corporeus
699 2585 818 2607 sensns
844 2575 977 2617 attigit,
1010 2575 1102 2617 quod
1129 2580 1162 2607 et
1187 2576 1347 2608 sensibile
1373 2576 1513 2614 dicitur,

206 2621 279 2652 sine
317 2622 389 2651 ulla
426 2621 687 2653 intermissione
728 2622 896 2662 temporis
935 2626 1176 2653 commutatur
1196 2645 1311 2654 .....
1346 2623 1514 2663 Compre-

208 2666 312 2698 hendi
337 2670 455 2698 autern
484 2677 551 2698 non
574 2671 704 2708 potest,
731 2667 824 2707 quod
848 2668 923 2699 sine
948 2668 1208 2700 intermissione
1235 2672 1406 2699 mutatur.
1434 2667 1512 2699 Non

207 2712 316 2754 igitur·
346 2716 398 2744 est
429 2713 672 2754 exspectanda
705 2713 894 2746 sinceritas
921 2715 1084 2746 veritatis
1110 2724 1131 2746 a
1158 2714 1313 2746 sensibus
1339 2714 1513 2755 corporis.

209 2768 261 2788 20.
300 2758 350 2789 De
388 2759 524 2789 camino
562 2759 650 2800 ignis
689 2766 721 2790 et
759 2760 802 2791 de
839 2760 1078 2791 subtraccione
1116 2760 1269 2801 luminis]
1310 2761 1354 2802 cf.
1391 2769 1512 2801 snpra,

195 2814 289 2846 pag.
316 2806 395 2836 123.
