2056 3234
228 169 303 210 154

230 1105 255 1123 2.
277 1096 344 1123 Tlie
366 1095 493 1123 relation

236 1132 371 1158 between
393 1138 487 1165 agens

251 1166 309 1193 and
333 1173 472 1201 passum,

294 1201 428 1227 between

257 1243 384 1262 movens
405 1234 463 1261 and

282 1270 396 1297 mobile
417 1270 442 1296 is

223 1304 391 1340 appointed
413 1304 493 1331 from

234 1342 283 1367 the
305 1339 482 1373 beginni1]“‚

241 1375 312 1408 and,
334 1359 481 1409 although

224 1409 293 1436 God
318 1410 372 1436 lias
394 1417 501 1444 power

252 1449 282 1471 to
303 1443 473 1471 determine

261 1481 309 1506 tlie
331 1479 460 1506 sxviftest

297 1514 433 1549 possible

245 1553 421 1576 movement
443 1548 478 1574 lie

292 1583 366 1610 does
388 1587 440 1610 not

244 1618 385 1645 intersere
406 1617 478 1644 with

238 1654 288 1680 tlte
310 1653 433 1680 balance
455 1652 490 1679 ot*

291 1688 339 1715 the
360 1693 431 1715 two.

951 171 1175 203 JOHANNIS
1201 170 1369 201 WICLIF
1633 167 1721 195 CAP.
1742 167 1824 194 XVI.

510 279 597 327 ipso
637 291 759 327 quam
800 278 839 314 in
874 286 1014 326 agente
1054 278 1250 321 secundo,
1296 277 1364 311 sed
1404 284 1498 312 tunc
1539 277 1652 312 daret
1691 276 1824 323 agenti

510 336 798 372 sufficienciam
844 336 894 372 ad
939 334 995 371 sic
1045 335 1303 370 movendum.
1357 335 1438 369 Nec
1487 342 1544 369 est
1594 333 1726 369 simile
1777 334 1825 369 de

511 407 708 431 concursu
748 393 819 429 Dei
865 403 902 429 et
947 405 1144 429 concursu
1198 392 1558 427 instrumentorum
1613 391 1823 438 agencium

510 453 793 498 secundorum,
828 463 904 499 que
937 450 1105 487 univoce
1139 457 1385 486 concurrunt
1419 450 1662 497 apponendo
1692 448 1824 484 nisum

511 511 681 546 eundem
716 511 843 557 gradu
877 508 1021 556 agendi
1055 517 1092 544 et
1123 507 1405 544 constituendo
1429 519 1520 542 vere
1544 519 1666 542 unum
1692 519 1825 554 agens,

510 568 605 616 quia
638 570 743 604 Deus
784 579 863 603 non
902 574 1034 614 potest
1074 566 1141 602 illa
1176 565 1353 601 manerie
1393 576 1633 601 concurrere
1667 573 1703 600 et
1735 577 1826 612 sup-

511 627 634 674 plere,
669 626 736 661 sed
770 626 887 672 longe
921 624 1155 672 perfeccius,
1191 624 1325 659 dando
1359 635 1477 659 cause
1511 623 1686 659 secunde
1718 622 1827 658 suffi-

512 683 722 729 cienciam,
756 692 799 719 ut
832 683 872 718 in
904 682 1052 719 virtute
1072 682 1143 718 Dei
1178 681 1233 717 sic
1268 689 1445 725 moveat;
1481 693 1572 716 cum
1597 680 1702 716 enim
1721 682 1827 716 Deus

511 741 566 778 sic
604 753 768 778 movens
800 740 1117 786 intimissimum,
1162 752 1243 775 non
1287 747 1418 786 potest
1458 750 1696 775 concurrere
1737 750 1825 774 cum

512 808 706 848 coa'gente
739 800 929 843 secundo,
970 797 1045 834 nisi
1079 799 1213 834 dando
1246 796 1321 833 sibi
1354 796 1557 841 virtutem,
1591 805 1633 832 ut
1666 805 1828 832 natura-

512 857 601 893 liter
616 869 742 905 perse
758 865 862 905 agat.
888 858 977 892 Non
1000 864 1132 892 autem
1159 855 1214 891 sic
1238 867 1308 903 per
1331 866 1371 890 se
1395 853 1492 902 quin
1516 854 1556 890 in
1578 854 1723 890 virtute
1740 853 1827 900 Dei,

513 917 581 952 sed
605 915 660 951 sic
684 928 754 963 per
777 927 830 960 se,
865 915 973 962 quod
997 927 1018 950 a
1041 913 1242 961 principio
1275 912 1451 948 naturali
1484 912 1558 948 sibi
1592 912 1827 948 intrinseco.

514 974 614 1009 Illud
653 982 789 1009 tamen
827 985 908 1008 non
948 971 1126 1020 capiunt,
1174 970 1241 1019 qui
1286 969 1521 1018 ymaginant
1561 972 1689 1006 Deum
1736 982 1830 1006 con-

516 1043 675 1068 curre-re
712 1030 877 1066 univoce
911 1039 1119 1078 tamquam
1155 1041 1274 1076 agens
1308 1029 1545 1064 secundum.

572 1090 632 1125 Ad
664 1090 881 1125 secundam
906 1087 1110 1124 racionem
1136 1086 1280 1123 dicitur
1303 1087 1561 1122 concedendo
1585 1097 1830 1133 consequen-

516 1147 632 1183 ciam.
677 1148 966 1183 Verumtamen
1012 1157 1055 1181 ex
1101 1146 1176 1181 hoc
1220 1157 1302 1180 non
1347 1144 1542 1192 sequitur,
1594 1145 1703 1192 quod
1748 1143 1830 1179 sine

517 1205 684 1241 dacione
729 1203 915 1252 potencie
958 1211 1089 1251 potest
1133 1203 1264 1239 facere
1312 1215 1475 1238 causam
1516 1203 1736 1238 secundam
1777 1201 1832 1237 sic

516 1263 707 1299 velociter
741 1275 869 1310 agere.
906 1261 1130 1298 Difficultas
1164 1270 1299 1297 tamen
1333 1269 1403 1306 est,
1437 1260 1467 1295 si
1492 1262 1598 1296 Deus
1627 1258 1831 1295 infinitum

516 1320 705 1358 velociter
738 1329 870 1368 potest
904 1331 1064 1356 movere
1097 1318 1261 1367 aliquod
1296 1317 1458 1363 mobile,
1493 1318 1552 1353 vel
1576 1317 1692 1354 aliter
1724 1318 1833 1364 quod

516 1378 983 1426 velocissimusrgradus
1029 1385 1162 1413 motus
1206 1375 1408 1424 possibilis
1448 1384 1518 1419 est,
1565 1388 1645 1423 quo
1685 1374 1832 1411 mobile

517 1450 589 1485 pro
614 1437 793 1485 quolibet
817 1435 981 1472 instanti
1006 1434 1199 1483 temporis
1224 1433 1494 1470 mensurantis
1510 1432 1689 1481 adquirit
1706 1445 1831 1469 unum

519 1494 761 1531 indivisibile
797 1494 964 1530 materie
997 1493 1057 1529 sui
1092 1502 1239 1529 motus.
1274 1493 1373 1528 Illud
1397 1501 1533 1528 tamen
1556 1490 1684 1539 tangit
1708 1500 1833 1527 mate-

518 1553 619 1589 riam
660 1555 707 1589 de
748 1551 1046 1600 composicione
1085 1550 1299 1599 compositi
1340 1562 1383 1586 ex
1421 1549 1704 1597 non-quantis;
1742 1548 1832 1585 ideo

518 1610 694 1647 dormiat
725 1623 852 1659 usque
886 1611 935 1646 ad
958 1618 1117 1657 tempus
1141 1622 1271 1645 suum.
1306 1610 1408 1645 Nam
1431 1607 1701 1644 verisimiliter
1725 1605 1833 1643 credi

518 1678 661 1717 potest,
687 1682 766 1717 quo
790 1671 895 1704 Deus
920 1667 1162 1704 determinat
1182 1665 1479 1703 velocissimum
1504 1667 1673 1713 gradum
1699 1673 1833 1701 motus

517 1727 763 1775 possibilem,
810 1739 900 1762 cum
946 1726 1077 1762 nullus
1129 1733 1262 1761 motus
1307 1723 1461 1760 subitus
1512 1723 1562 1760 sit
1606 1723 1719 1759 velox
1766 1731 1834 1759 aut

517 1787 668 1830 tardus,
709 1785 812 1821 sicut
845 1796 918 1820 nec
957 1783 1198 1819 indivisibile
1231 1791 1290 1819 est
1325 1795 1513 1830 magnum
1548 1790 1616 1818 aut
1648 1793 1832 1829 parvum.

516 1845 577 1879 Ad
620 1844 840 1879 secundum
893 1851 1061 1890 negatur
1104 1849 1402 1889 argumentum.
1456 1842 1557 1876 Nam
1603 1842 1710 1875 Deus
1752 1851 1834 1875 non

517 1901 663 1937 sufficit
696 1913 950 1938 commovere
983 1912 1100 1948 grave
1132 1908 1175 1935 ut
1199 1907 1390 1948 quattuor
1412 1897 1453 1933 in
1476 1897 1610 1934 medio
1634 1895 1833 1933 resistenti

518 1959 809 2005 universaliter,
844 1967 886 1994 ut
915 1971 1053 2004 unum,
1078 1957 1153 1993 nisi
1178 1969 1276 2005 pure
1299 1965 1381 1992 tam
1406 1956 1609 2001 velociter,
1634 1964 1676 1991 ut
1700 1954 1832 2003 ipsum

519 2017 666 2053 suflicit
698 2030 768 2065 per
801 2029 840 2053 se
875 2028 1048 2060 movere,
1083 2028 1173 2052 cum
1204 2014 1353 2051 sufficit
1377 2015 1471 2050 dare
1495 2013 1570 2050 sibi
1594 2013 1831 2061 gravitatem

521 2078 637 2121 Deus,
672 2084 740 2112 aut
772 2074 1061 2111 sufficienciam
1095 2082 1138 2109 ut
1170 2073 1302 2121 ipsum
1327 2072 1625 2120 quantumlibet
1654 2070 1835 2107 celeriter

521 2142 739 2179 moveatur,
781 2142 817 2169 et
856 2132 912 2168 sic
952 2132 1151 2168 maiorare
1186 2130 1511 2180 proposcionem,
1546 2142 1667 2178 quam
1703 2137 1834 2165 motus

519 2191 792 2239 consequitur,
825 2191 886 2227 vel
919 2189 1164 2226 subtiliando
1199 2190 1437 2233 membrum,
1471 2188 1532 2223 vel
1565 2186 1834 2235 preveniendo

520 2249 843 2285 commocionem
884 2247 1066 2296 parcium
1101 2246 1222 2283 medii
1254 2247 1315 2283 vel
1348 2245 1591 2294 applicando
1625 2257 1743 2293 grave
1777 2256 1835 2280 se-

520 2309 694 2343 cundum
729 2307 911 2355 figuram,
947 2305 1186 2342 densitatem
1221 2313 1257 2341 et
1280 2303 1379 2340 alias
1403 2303 1694 2351 disposiciones
1717 2302 1834 2338 nobis

519 2365 758 2413 incognitas,
799 2364 942 2412 quibus
976 2363 1115 2412 positis
1148 2363 1249 2399 foret
1279 2361 1496 2410 proporcio
1531 2362 1592 2397 vel
1627 2359 1836 2409 ydoneitas

521 2423 662 2467 maior,
689 2436 810 2471 quam
836 2422 1075 2458 naturaliter
1099 2429 1410 2469 consequeretur
1433 2428 1567 2456 motus
1591 2419 1686 2455 eius.
1721 2419 1835 2455 Unde

519 2480 705 2517 illiterate
737 2482 937 2526 locuntur,
972 2479 1038 2528 qui
1062 2487 1215 2527 ponunt
1238 2487 1391 2514 tantam
1417 2490 1500 2513 esse
1523 2476 1835 2525 proporcionem

1849 811 1887 831 10

1851 1090 1887 1122 15

1850 1390 1891 1411 20

1850 1960 1892 1991 30

522 2538 732 2574 cuiuslibet
771 2537 1001 2575 resistencie
1040 2539 1089 2573 ad
1128 2535 1445 2584 impediendum,
1485 2547 1534 2571 ne
1569 2534 1717 2571 mobile
1752 2546 1893 2576 mo-4o

520 2606 670 2641 veatur,
704 2596 805 2632 sicut
829 2595 981 2643 agentis
1005 2597 1054 2631 ad
1078 2595 1340 2639 movendum;
1375 2606 1464 2629 cum
1490 2592 1595 2628 enim
1619 2591 1835 2640 proporcio

521 2654 601 2701 illa,
637 2667 755 2702 quam
784 2663 915 2690 motus
939 2653 1213 2701 consequitur,
1249 2651 1298 2687 sit
1321 2650 1543 2699 ydoneitas,
1568 2659 1691 2698 patet,
1726 2650 1834 2697 quod

590 2797 633 2832 37.
658 2789 906 2833 Cod..·iognitff;
927 2798 1062 2825 correxi.
