<?xml version="1.0" encoding="UTF-8"?>
<!DOCTYPE html PUBLIC "-//W3C//DTD XHTML 1.0 Transitional//EN"
    "http://www.w3.org/TR/xhtml1/DTD/xhtml1-transitional.dtd">
<html xmlns="http://www.w3.org/1999/xhtml" xml:lang="en" lang="en">
 <head>
  <title>
</title>
<meta http-equiv="Content-Type" content="text/html;charset=utf-8" />
  <meta name='ocr-system' content='tesseract 3.04.00' />
  <meta name='ocr-capabilities' content='ocr_page ocr_carea ocr_par ocr_line ocrx_word'/>
</head>
<body>
  <div class='ocr_page' id='page_1' title='image "./deentepraedicame00wycl_0310.png"; bbox 0 0 2056 3234; ppageno 0'>
   <div class='ocr_carea' id='block_1_1' title="bbox 241 806 504 1017">
    <p class='ocr_par' dir='ltr' id='par_1_1' title="bbox 241 806 504 1017">
     <span class='ocr_line' id='line_1_1' title="bbox 246 806 492 836; baseline -0.008 0"><span class='ocrx_word' id='word_1_1' title='bbox 246 808 274 836; x_wconf 88' lang='lat' dir='ltr'>If</span> <span class='ocrx_word' id='word_1_2' title='bbox 292 808 375 835; x_wconf 84' lang='lat' dir='ltr'>there</span> <span class='ocrx_word' id='word_1_3' title='bbox 397 806 432 834; x_wconf 91' lang='lat' dir='ltr'>be</span> <span class='ocrx_word' id='word_1_4' title='bbox 453 814 492 834; x_wconf 89' lang='lat' dir='ltr'>no</span> 
     </span>
     <span class='ocr_line' id='line_1_2' title="bbox 275 842 467 870; baseline -0.005 0"><span class='ocrx_word' id='word_1_5' title='bbox 275 842 387 870; x_wconf 82' lang='lat' dir='ltr'>formal</span> <span class='ocrx_word' id='word_1_6' title='bbox 409 842 467 869; x_wconf 85' lang='lat' dir='ltr'>and</span> 
     </span>
     <span class='ocr_line' id='line_1_3' title="bbox 241 876 504 906; baseline -0.011 0"><span class='ocrx_word' id='word_1_7' title='bbox 241 878 301 906; x_wconf 85' lang='lat' dir='ltr'>real</span> <span class='ocrx_word' id='word_1_8' title='bbox 322 876 504 904; x_wconf 82' lang='lat' dir='ltr'>distinction</span> 
     </span>
     <span class='ocr_line' id='line_1_4' title="bbox 269 911 475 940; baseline -0.01 0"><span class='ocrx_word' id='word_1_9' title='bbox 269 913 404 940; x_wconf 83' lang='lat' dir='ltr'>between</span> <span class='ocrx_word' id='word_1_10' title='bbox 426 911 475 938; x_wconf 86' lang='lat' dir='ltr'>the</span> 
     </span>
     <span class='ocr_line' id='line_1_5' title="bbox 272 946 470 982; baseline -0.01 -8"><span class='ocrx_word' id='word_1_11' title='bbox 272 946 470 982; x_wconf 84' lang='lat' dir='ltr'>perfectional</span> 
     </span>
     <span class='ocr_line' id='line_1_6' title="bbox 260 979 486 1017; baseline -0.013 -7"><span class='ocrx_word' id='word_1_12' title='bbox 260 980 432 1017; x_wconf 84' lang='lat' dir='ltr'>properties</span> <span class='ocrx_word' id='word_1_13' title='bbox 451 979 486 1007; x_wconf 91' lang='lat' dir='ltr'>of</span> 
     </span>
    </p>
   </div>
   <div class='ocr_carea' id='block_1_2' title="bbox 237 1016 510 1052">
    <p class='ocr_par' dir='ltr' id='par_1_2' title="bbox 237 1016 510 1052">
     <span class='ocr_line' id='line_1_7' title="bbox 237 1016 510 1052; baseline -0.007 -8"><span class='ocrx_word' id='word_1_14' title='bbox 237 1017 287 1044; x_wconf 90' lang='lat' dir='ltr'>the</span> <span class='ocrx_word' id='word_1_15' title='bbox 300 1016 398 1052; x_wconf 87' lang='lat' dir='ltr'>prime</span> <span class='ocrx_word' id='word_1_16' title='bbox 409 1019 510 1050; x_wconf 84' lang='lat' dir='ltr'>agent,</span> 
     </span>
    </p>
   </div>
   <div class='ocr_carea' id='block_1_3' title="bbox 246 1050 496 1654">
    <p class='ocr_par' dir='ltr' id='par_1_3' title="bbox 246 1050 496 1654">
     <span class='ocr_line' id='line_1_8' title="bbox 312 1050 437 1078; baseline -0.008 0"><span class='ocrx_word' id='word_1_17' title='bbox 312 1059 366 1078; x_wconf 86' lang='lat' dir='ltr'>can</span> <span class='ocrx_word' id='word_1_18' title='bbox 388 1050 437 1078; x_wconf 91' lang='lat' dir='ltr'>the</span> 
     </span>
     <span class='ocr_line' id='line_1_9' title="bbox 306 1086 440 1113; baseline -0.007 0"><span class='ocrx_word' id='word_1_19' title='bbox 306 1086 440 1113; x_wconf 87' lang='lat' dir='ltr'>intellect</span> 
     </span>
     <span class='ocr_line' id='line_1_10' title="bbox 281 1120 461 1148; baseline -0.011 0"><span class='ocrx_word' id='word_1_20' title='bbox 281 1120 425 1148; x_wconf 85' lang='lat' dir='ltr'>conceive</span> <span class='ocrx_word' id='word_1_21' title='bbox 445 1127 461 1146; x_wconf 89' lang='lat' dir='ltr'>a</span> 
     </span>
     <span class='ocr_line' id='line_1_11' title="bbox 257 1154 487 1183; baseline -0.009 0"><span class='ocrx_word' id='word_1_22' title='bbox 257 1155 436 1183; x_wconf 78' lang='lat' dir='ltr'>distinction</span> <span class='ocrx_word' id='word_1_23' title='bbox 456 1154 487 1182; x_wconf 92' lang='lat' dir='ltr'>in</span> 
     </span>
     <span class='ocr_line' id='line_1_12' title="bbox 252 1190 488 1218; baseline -0.008 0"><span class='ocrx_word' id='word_1_24' title='bbox 252 1191 335 1218; x_wconf 88' lang='lat' dir='ltr'>them</span> <span class='ocrx_word' id='word_1_25' title='bbox 356 1190 488 1217; x_wconf 85' lang='lat' dir='ltr'>without</span> 
     </span>
     <span class='ocr_line' id='line_1_13' title="bbox 269 1224 468 1259; baseline -0.01 -7"><span class='ocrx_word' id='word_1_26' title='bbox 269 1224 468 1259; x_wconf 84' lang='lat' dir='ltr'>comparison</span> 
     </span>
     <span class='ocr_line' id='line_1_14' title="bbox 251 1257 488 1288; baseline -0.004 -2"><span class='ocrx_word' id='word_1_27' title='bbox 251 1260 327 1288; x_wconf 87' lang='lat' dir='ltr'>with</span> <span class='ocrx_word' id='word_1_28' title='bbox 347 1257 488 1286; x_wconf 85' lang='lat' dir='ltr'>outward</span> 
     </span>
     <span class='ocr_line' id='line_1_15' title="bbox 312 1294 426 1329; baseline -0.018 -8"><span class='ocrx_word' id='word_1_29' title='bbox 312 1294 426 1329; x_wconf 78' lang='lat' dir='ltr'>things.</span> 
     </span>
     <span class='ocr_line' id='line_1_16' title="bbox 268 1340 468 1368; baseline -0.005 0"><span class='ocrx_word' id='word_1_30' title='bbox 268 1340 468 1368; x_wconf 84' lang='lat' dir='ltr'>Definitions:</span> 
     </span>
     <span class='ocr_line' id='line_1_17' title="bbox 246 1375 495 1410; baseline -0.008 -7"><span class='ocrx_word' id='word_1_31' title='bbox 246 1376 276 1403; x_wconf 92' lang='lat' dir='ltr'>A</span> <span class='ocrx_word' id='word_1_32' title='bbox 296 1375 495 1410; x_wconf 86' lang='lat' dir='ltr'>perfectional</span> 
     </span>
     <span class='ocr_line' id='line_1_18' title="bbox 259 1409 489 1445; baseline -0.004 -8"><span class='ocrx_word' id='word_1_33' title='bbox 259 1414 406 1445; x_wconf 86' lang='lat' dir='ltr'>property</span> <span class='ocrx_word' id='word_1_34' title='bbox 426 1409 452 1436; x_wconf 91' lang='lat' dir='ltr'>is</span> <span class='ocrx_word' id='word_1_35' title='bbox 472 1417 489 1436; x_wconf 95' lang='lat' dir='ltr'>a</span> 
     </span>
     <span class='ocr_line' id='line_1_19' title="bbox 252 1444 496 1479; baseline -0.004 -7"><span class='ocrx_word' id='word_1_36' title='bbox 252 1445 344 1472; x_wconf 88' lang='lat' dir='ltr'>mode</span> <span class='ocrx_word' id='word_1_37' title='bbox 363 1444 496 1479; x_wconf 88' lang='lat' dir='ltr'>existing</span> 
     </span>
     <span class='ocr_line' id='line_1_20' title="bbox 263 1479 486 1515; baseline 0 -9"><span class='ocrx_word' id='word_1_38' title='bbox 263 1480 294 1506; x_wconf 91' lang='lat' dir='ltr'>in</span> <span class='ocrx_word' id='word_1_39' title='bbox 316 1479 366 1507; x_wconf 84' lang='lat' dir='ltr'>the</span> <span class='ocrx_word' id='word_1_40' title='bbox 387 1479 486 1515; x_wconf 91' lang='lat' dir='ltr'>prime</span> 
     </span>
     <span class='ocr_line' id='line_1_21' title="bbox 267 1513 478 1549; baseline -0.005 -8"><span class='ocrx_word' id='word_1_41' title='bbox 267 1518 357 1549; x_wconf 82' lang='lat' dir='ltr'>agent</span> <span class='ocrx_word' id='word_1_42' title='bbox 376 1513 478 1541; x_wconf 85' lang='lat' dir='ltr'>which</span> 
     </span>
     <span class='ocr_line' id='line_1_22' title="bbox 257 1549 492 1576; baseline -0.004 0"><span class='ocrx_word' id='word_1_43' title='bbox 257 1549 345 1576; x_wconf 85' lang='lat' dir='ltr'>bears</span> <span class='ocrx_word' id='word_1_44' title='bbox 365 1549 492 1575; x_wconf 81' lang='lat' dir='ltr'>witness</span> 
     </span>
     <span class='ocr_line' id='line_1_23' title="bbox 326 1583 425 1610; baseline 0 0"><span class='ocrx_word' id='word_1_45' title='bbox 326 1588 356 1610; x_wconf 90' lang='lat' dir='ltr'>to</span> <span class='ocrx_word' id='word_1_46' title='bbox 377 1583 425 1610; x_wconf 89' lang='lat' dir='ltr'>his</span> 
     </span>
     <span class='ocr_line' id='line_1_24' title="bbox 289 1617 468 1654; baseline -0.006 -8"><span class='ocrx_word' id='word_1_47' title='bbox 289 1617 468 1654; x_wconf 69' lang='lat' dir='ltr'>pei-fection.</span> 
     </span>
    </p>
   </div>
   <div class='ocr_carea' id='block_1_4' title="bbox 251 2161 511 2501">
    <p class='ocr_par' dir='ltr' id='par_1_4' title="bbox 251 2161 511 2501">
     <span class='ocr_line' id='line_1_25' title="bbox 297 2161 456 2188; baseline -0.006 0"><span class='ocrx_word' id='word_1_48' title='bbox 297 2161 326 2188; x_wconf 90' lang='lat' dir='ltr'><strong>A</strong></span> <span class='ocrx_word' id='word_1_49' title='bbox 345 2161 456 2188; x_wconf 78' lang='lat' dir='ltr'>format</span> 
     </span>
     <span class='ocr_line' id='line_1_26' title="bbox 265 2195 491 2223; baseline -0.004 0"><span class='ocrx_word' id='word_1_50' title='bbox 265 2195 443 2223; x_wconf 74' lang='lat' dir='ltr'>distinction</span> <span class='ocrx_word' id='word_1_51' title='bbox 464 2195 491 2222; x_wconf 86' lang='lat' dir='ltr'>is</span> 
     </span>
     <span class='ocr_line' id='line_1_27' title="bbox 284 2229 472 2258; baseline -0.011 0"><span class='ocrx_word' id='word_1_52' title='bbox 284 2231 351 2258; x_wconf 87' lang='lat' dir='ltr'>that</span> <span class='ocrx_word' id='word_1_53' title='bbox 371 2229 472 2257; x_wconf 89' lang='lat' dir='ltr'>which</span> 
     </span>
     <span class='ocr_line' id='line_1_28' title="bbox 268 2264 491 2299; baseline -0.004 -7"><span class='ocrx_word' id='word_1_54' title='bbox 268 2264 491 2299; x_wconf 78' lang='lat' dir='ltr'>distinguishcs</span> 
     </span>
     <span class='ocr_line' id='line_1_29' title="bbox 251 2299 511 2335; baseline -0.004 -8"><span class='ocrx_word' id='word_1_55' title='bbox 251 2300 386 2327; x_wconf 86' lang='lat' dir='ltr'>between</span> <span class='ocrx_word' id='word_1_56' title='bbox 408 2299 511 2335; x_wconf 81' lang='lat' dir='ltr'>things</span> 
     </span>
     <span class='ocr_line' id='line_1_30' title="bbox 283 2334 474 2368; baseline 0 -7"><span class='ocrx_word' id='word_1_57' title='bbox 283 2334 425 2368; x_wconf 79' lang='lat' dir='ltr'>differing</span> <span class='ocrx_word' id='word_1_58' title='bbox 444 2334 474 2361; x_wconf 90' lang='lat' dir='ltr'>in</span> 
     </span>
     <span class='ocr_line' id='line_1_31' title="bbox 274 2368 482 2396; baseline 0 0"><span class='ocrx_word' id='word_1_59' title='bbox 274 2369 353 2396; x_wconf 85' lang='lat' dir='ltr'>their</span> <span class='ocrx_word' id='word_1_60' title='bbox 374 2368 482 2396; x_wconf 83' lang='lat' dir='ltr'>modes</span> 
     </span>
     <span class='ocr_line' id='line_1_32' title="bbox 305 2404 452 2438; baseline -0.007 -7"><span class='ocrx_word' id='word_1_61' title='bbox 305 2404 452 2438; x_wconf 74' lang='lat' dir='ltr'>ahhough</span> 
     </span>
     <span class='ocr_line' id='line_1_33' title="bbox 257 2437 501 2474; baseline 0 -9"><span class='ocrx_word' id='word_1_62' title='bbox 257 2438 432 2474; x_wconf 88' lang='lat' dir='ltr'>essentially</span> <span class='ocrx_word' id='word_1_63' title='bbox 451 2437 501 2465; x_wconf 86' lang='lat' dir='ltr'>the</span> 
     </span>
     <span class='ocr_line' id='line_1_34' title="bbox 336 2481 430 2501; baseline 0.011 -1"><span class='ocrx_word' id='word_1_64' title='bbox 336 2481 430 2501; x_wconf 86' lang='lat' dir='ltr'>same.</span> 
     </span>
    </p>
   </div>
   <div class='ocr_carea' id='block_1_5' title="bbox 268 2623 494 2754">
    <p class='ocr_par' dir='ltr' id='par_1_5' title="bbox 268 2623 494 2754">
     <span class='ocr_line' id='line_1_35' title="bbox 325 2623 435 2650; baseline -0.009 0"><span class='ocrx_word' id='word_1_65' title='bbox 325 2623 354 2650; x_wconf 90' lang='lat' dir='ltr'><strong>A</strong></span> <span class='ocrx_word' id='word_1_66' title='bbox 375 2623 435 2650; x_wconf 86' lang='lat' dir='ltr'>real</span> 
     </span>
     <span class='ocr_line' id='line_1_36' title="bbox 268 2656 494 2685; baseline 0 -1"><span class='ocrx_word' id='word_1_67' title='bbox 268 2657 447 2685; x_wconf 89' lang='lat' dir='ltr'>distinction</span> <span class='ocrx_word' id='word_1_68' title='bbox 467 2656 494 2684; x_wconf 85' lang='lat' dir='ltr'>is</span> 
     </span>
     <span class='ocr_line' id='line_1_37' title="bbox 289 2691 475 2719; baseline -0.005 0"><span class='ocrx_word' id='word_1_69' title='bbox 289 2700 347 2719; x_wconf 92' lang='lat' dir='ltr'>one</span> <span class='ocrx_word' id='word_1_70' title='bbox 367 2693 430 2719; x_wconf 85' lang='lat' dir='ltr'>that</span> <span class='ocrx_word' id='word_1_71' title='bbox 450 2691 475 2719; x_wconf 89' lang='lat' dir='ltr'>is</span> 
     </span>
     <span class='ocr_line' id='line_1_38' title="bbox 303 2726 458 2754; baseline -0.006 0"><span class='ocrx_word' id='word_1_72' title='bbox 303 2726 458 2754; x_wconf 85' lang='lat' dir='ltr'>essential.</span> 
     </span>
    </p>
   </div>
   <div class='ocr_carea' id='block_1_6' title="bbox 1139 677 1222 724">
    <p class='ocr_par' dir='ltr' id='par_1_6' title="bbox 1139 677 1222 724">
     <span class='ocr_line' id='line_1_39' title="bbox 1139 677 1222 724; baseline 0.012 -1"><span class='ocrx_word' id='word_1_73' title='bbox 1139 677 1222 724; x_wconf 92' lang='lat' dir='ltr'>IX.</span> 
     </span>
    </p>
   </div>
   <div class='ocr_carea' id='block_1_7' title="bbox 524 798 1843 1199">
    <p class='ocr_par' dir='ltr' id='par_1_7' title="bbox 524 798 1840 859">
     <span class='ocr_line' id='line_1_40' title="bbox 524 798 1840 859; baseline -0.001 -13"><span class='ocrx_word' id='word_1_74' title='bbox 524 800 706 847; x_wconf 79' lang='lat' dir='ltr'>Utrum</span> <span class='ocrx_word' id='word_1_75' title='bbox 737 798 1045 855; x_wconf 75' lang='lat' dir='ltr'>intellectus,</span> <span class='ocrx_word' id='word_1_76' title='bbox 1080 798 1360 858; x_wconf 76' lang='lat' dir='ltr'>supposito,</span> <span class='ocrx_word' id='word_1_77' title='bbox 1392 798 1532 859; x_wconf 88' lang='lat' dir='ltr'>quod</span> <span class='ocrx_word' id='word_1_78' title='bbox 1563 799 1699 845; x_wconf 79' lang='lat' dir='ltr'>inter</span> <span class='ocrx_word' id='word_1_79' title='bbox 1721 811 1840 858; x_wconf 86' lang='lat' dir='ltr'>pro-</span> 
     </span>
    </p>

    <p class='ocr_par' dir='ltr' id='par_1_8' title="bbox 524 869 1840 931">
     <span class='ocr_line' id='line_1_41' title="bbox 524 869 1840 931; baseline -0.001 -13"><span class='ocrx_word' id='word_1_80' title='bbox 524 871 771 931; x_wconf 71' lang='lat' dir='ltr'>prietates</span> <span class='ocrx_word' id='word_1_81' title='bbox 794 869 1196 930; x_wconf 78' lang='lat' dir='ltr'>perfeeeionales</span> <span class='ocrx_word' id='word_1_82' title='bbox 1220 869 1374 929; x_wconf 82' lang='lat' dir='ltr'>primi</span> <span class='ocrx_word' id='word_1_83' title='bbox 1407 869 1611 929; x_wconf 79' lang='lat' dir='ltr'>agentis</span> <span class='ocrx_word' id='word_1_84' title='bbox 1642 882 1748 916; x_wconf 91' lang='lat' dir='ltr'>non</span> <span class='ocrx_word' id='word_1_85' title='bbox 1777 869 1840 917; x_wconf 78' lang='lat' dir='ltr'>sit</span> 
     </span>
    </p>

    <p class='ocr_par' dir='ltr' id='par_1_9' title="bbox 524 940 1840 1001">
     <span class='ocr_line' id='line_1_42' title="bbox 524 940 1840 1001; baseline -0.001 -13"><span class='ocrx_word' id='word_1_86' title='bbox 524 942 754 989; x_wconf 85' lang='lat' dir='ltr'>formalis</span> <span class='ocrx_word' id='word_1_87' title='bbox 788 943 839 988; x_wconf 74' lang='lat' dir='ltr'>et</span> <span class='ocrx_word' id='word_1_88' title='bbox 870 940 1021 988; x_wconf 86' lang='lat' dir='ltr'>realis</span> <span class='ocrx_word' id='word_1_89' title='bbox 1055 940 1336 997; x_wconf 78' lang='lat' dir='ltr'>distineeiO,</span> <span class='ocrx_word' id='word_1_90' title='bbox 1376 940 1536 1001; x_wconf 80' lang='lat' dir='ltr'>possit</span> <span class='ocrx_word' id='word_1_91' title='bbox 1569 940 1840 1000; x_wconf 76' lang='lat' dir='ltr'>concipere</span> 
     </span>
    </p>

    <p class='ocr_par' dir='ltr' id='par_1_10' title="bbox 527 1010 1840 1072">
     <span class='ocr_line' id='line_1_43' title="bbox 527 1010 1840 1072; baseline -0.002 -12"><span class='ocrx_word' id='word_1_92' title='bbox 527 1025 710 1059; x_wconf 84' lang='lat' dir='ltr'>earum</span> <span class='ocrx_word' id='word_1_93' title='bbox 756 1012 1150 1059; x_wconf 81' lang='lat' dir='ltr'>distineeionem</span> <span class='ocrx_word' id='word_1_94' title='bbox 1200 1010 1396 1072; x_wconf 80' lang='lat' dir='ltr'>absque</span> <span class='ocrx_word' id='word_1_95' title='bbox 1444 1012 1840 1071; x_wconf 82' lang='lat' dir='ltr'>eomparaeione</span> 
     </span>
    </p>

    <p class='ocr_par' dir='ltr' id='par_1_11' title="bbox 525 1081 1843 1199">
     <span class='ocr_line' id='line_1_44' title="bbox 525 1081 1843 1141; baseline -0.002 -11"><span class='ocrx_word' id='word_1_96' title='bbox 525 1083 591 1130; x_wconf 84' lang='lat' dir='ltr'>ad</span> <span class='ocrx_word' id='word_1_97' title='bbox 633 1096 715 1130; x_wconf 84' lang='lat' dir='ltr'>res</span> <span class='ocrx_word' id='word_1_98' title='bbox 760 1083 824 1129; x_wconf 88' lang='lat' dir='ltr'>ad</span> <span class='ocrx_word' id='word_1_99' title='bbox 869 1084 1035 1139; x_wconf 77' lang='lat' dir='ltr'>extra,</span> <span class='ocrx_word' id='word_1_100' title='bbox 1086 1081 1194 1128; x_wconf 86' lang='lat' dir='ltr'>sive</span> <span class='ocrx_word' id='word_1_101' title='bbox 1246 1081 1573 1141; x_wconf 74' lang='lat' dir='ltr'>generaliter,</span> <span class='ocrx_word' id='word_1_102' title='bbox 1625 1082 1732 1129; x_wconf 86' lang='lat' dir='ltr'>sive</span> <span class='ocrx_word' id='word_1_103' title='bbox 1777 1082 1843 1128; x_wconf 85' lang='lat' dir='ltr'>ad</span> 
     </span>
     <span class='ocr_line' id='line_1_45' title="bbox 1071 1153 1300 1199; baseline 0.004 -1"><span class='ocrx_word' id='word_1_104' title='bbox 1071 1153 1300 1199; x_wconf 69' lang='lat' dir='ltr'>effeetus</span> 
     </span>
    </p>
   </div>
   <div class='ocr_carea' id='block_1_8' title="bbox 526 1284 1904 2838">
    <p class='ocr_par' dir='ltr' id='par_1_12' title="bbox 526 1284 1875 1566">
     <span class='ocr_line' id='line_1_46' title="bbox 583 1284 1843 1334; baseline -0.002 -11"><span class='ocrx_word' id='word_1_105' title='bbox 583 1288 706 1323; x_wconf 88' lang='lat' dir='ltr'>Noto:</span> <span class='ocrx_word' id='word_1_106' title='bbox 752 1285 992 1334; x_wconf 82' lang='lat' dir='ltr'>generaliter</span> <span class='ocrx_word' id='word_1_107' title='bbox 1035 1285 1238 1334; x_wconf 90' lang='lat' dir='ltr'>loquendo</span> <span class='ocrx_word' id='word_1_108' title='bbox 1276 1284 1501 1333; x_wconf 82' lang='lat' dir='ltr'>proprietas</span> <span class='ocrx_word' id='word_1_109' title='bbox 1540 1285 1843 1333; x_wconf 88' lang='lat' dir='ltr'>perfeccionalis</span> 
     </span>
     <span class='ocr_line' id='line_1_47' title="bbox 526 1342 1844 1393; baseline 0 -13"><span class='ocrx_word' id='word_1_110' title='bbox 526 1343 646 1393; x_wconf 89' lang='lat' dir='ltr'>primi</span> <span class='ocrx_word' id='word_1_111' title='bbox 668 1343 822 1392; x_wconf 87' lang='lat' dir='ltr'>agentis</span> <span class='ocrx_word' id='word_1_112' title='bbox 844 1352 902 1380; x_wconf 87' lang='lat' dir='ltr'>est</span> <span class='ocrx_word' id='word_1_113' title='bbox 925 1344 1068 1380; x_wconf 90' lang='lat' dir='ltr'>modus</span> <span class='ocrx_word' id='word_1_114' title='bbox 1089 1342 1310 1379; x_wconf 83' lang='lat' dir='ltr'>formaliter</span> <span class='ocrx_word' id='word_1_115' title='bbox 1331 1343 1544 1379; x_wconf 84' lang='lat' dir='ltr'>inexistens</span> <span class='ocrx_word' id='word_1_116' title='bbox 1560 1343 1690 1391; x_wconf 89' lang='lat' dir='ltr'>primo</span> <span class='ocrx_word' id='word_1_117' title='bbox 1711 1343 1844 1392; x_wconf 88' lang='lat' dir='ltr'>agenti</span> 
     </span>
     <span class='ocr_line' id='line_1_48' title="bbox 526 1400 1842 1450; baseline 0 -12"><span class='ocrx_word' id='word_1_118' title='bbox 526 1402 752 1439; x_wconf 88' lang='lat' dir='ltr'>necessario</span> <span class='ocrx_word' id='word_1_119' title='bbox 784 1402 857 1438; x_wconf 76' lang='lat' dir='ltr'>vel&#39;</span> <span class='ocrx_word' id='word_1_120' title='bbox 878 1401 1168 1450; x_wconf 84' lang='lat' dir='ltr'>contingenter,</span> <span class='ocrx_word' id='word_1_121' title='bbox 1202 1400 1431 1437; x_wconf 86' lang='lat' dir='ltr'>eternaliter</span> <span class='ocrx_word' id='word_1_122' title='bbox 1461 1401 1522 1438; x_wconf 88' lang='lat' dir='ltr'>vel</span> <span class='ocrx_word' id='word_1_123' title='bbox 1554 1401 1842 1450; x_wconf 85' lang='lat' dir='ltr'>temporaliter,</span> 
     </span>
     <span class='ocr_line' id='line_1_49' title="bbox 527 1459 1843 1508; baseline -0.001 -12"><span class='ocrx_word' id='word_1_124' title='bbox 527 1459 596 1508; x_wconf 87' lang='lat' dir='ltr'>qui</span> <span class='ocrx_word' id='word_1_125' title='bbox 643 1461 863 1496; x_wconf 85' lang='lat' dir='ltr'>secundum</span> <span class='ocrx_word' id='word_1_126' title='bbox 911 1471 951 1496; x_wconf 89' lang='lat' dir='ltr'>se</span> <span class='ocrx_word' id='word_1_127' title='bbox 999 1467 1211 1496; x_wconf 86' lang='lat' dir='ltr'>attestatur</span> <span class='ocrx_word' id='word_1_128' title='bbox 1261 1471 1381 1507; x_wconf 87' lang='lat' dir='ltr'>super</span> <span class='ocrx_word' id='word_1_129' title='bbox 1422 1459 1674 1507; x_wconf 86' lang='lat' dir='ltr'>perfeccione</span> <span class='ocrx_word' id='word_1_130' title='bbox 1724 1459 1843 1507; x_wconf 88' lang='lat' dir='ltr'>primi</span> 
     </span>
     <span class='ocr_line' id='line_1_50' title="bbox 527 1516 1875 1566; baseline 0 -12"><span class='ocrx_word' id='word_1_131' title='bbox 527 1517 693 1566; x_wconf 81' lang='lat' dir='ltr'>agentis,</span> <span class='ocrx_word' id='word_1_132' title='bbox 734 1526 771 1554; x_wconf 90' lang='lat' dir='ltr'>et</span> <span class='ocrx_word' id='word_1_133' title='bbox 802 1530 884 1554; x_wconf 89' lang='lat' dir='ltr'>non</span> <span class='ocrx_word' id='word_1_134' title='bbox 915 1526 1127 1554; x_wconf 89' lang='lat' dir='ltr'>attestatur</span> <span class='ocrx_word' id='word_1_135' title='bbox 1158 1529 1277 1565; x_wconf 90' lang='lat' dir='ltr'>super</span> <span class='ocrx_word' id='word_1_136' title='bbox 1308 1516 1617 1565; x_wconf 87' lang='lat' dir='ltr'>imperfeccione</span> <span class='ocrx_word' id='word_1_137' title='bbox 1650 1517 1840 1554; x_wconf 89' lang='lat' dir='ltr'>eiusdem.</span> <span class='ocrx_word' id='word_1_138' title='bbox 1859 1521 1875 1554; x_wconf 88' lang='grc'>5</span> 
     </span>
    </p>

    <p class='ocr_par' dir='ltr' id='par_1_13' title="bbox 527 1575 1902 2134">
     <span class='ocr_line' id='line_1_51' title="bbox 585 1575 1842 1624; baseline -0.001 -12"><span class='ocrx_word' id='word_1_139' title='bbox 585 1575 702 1612; x_wconf 85' lang='lat' dir='ltr'>Circa</span> <span class='ocrx_word' id='word_1_140' title='bbox 724 1577 831 1624; x_wconf 88' lang='lat' dir='ltr'>quod</span> <span class='ocrx_word' id='word_1_141' title='bbox 854 1584 976 1623; x_wconf 86' lang='lat' dir='ltr'>patet,</span> <span class='ocrx_word' id='word_1_142' title='bbox 1010 1576 1118 1624; x_wconf 91' lang='lat' dir='ltr'>quod</span> <span class='ocrx_word' id='word_1_143' title='bbox 1149 1588 1230 1611; x_wconf 90' lang='lat' dir='ltr'>non</span> <span class='ocrx_word' id='word_1_144' title='bbox 1260 1575 1365 1611; x_wconf 85' lang='lat' dir='ltr'>valet</span> <span class='ocrx_word' id='word_1_145' title='bbox 1398 1575 1708 1623; x_wconf 86' lang='lat' dir='ltr'>consequencia:</span> <span class='ocrx_word' id='word_1_146' title='bbox 1742 1575 1842 1612; x_wconf 87' lang='lat' dir='ltr'>alius</span> 
     </span>
     <span class='ocr_line' id='line_1_52' title="bbox 527 1632 1844 1681; baseline 0.001 -12"><span class='ocrx_word' id='word_1_147' title='bbox 527 1635 671 1670; x_wconf 89' lang='lat' dir='ltr'>modus</span> <span class='ocrx_word' id='word_1_148' title='bbox 714 1633 817 1670; x_wconf 87' lang='lat' dir='ltr'>inest</span> <span class='ocrx_word' id='word_1_149' title='bbox 860 1632 993 1681; x_wconf 87' lang='lat' dir='ltr'>primo</span> <span class='ocrx_word' id='word_1_150' title='bbox 1031 1632 1178 1681; x_wconf 88' lang='lat' dir='ltr'>agenti,</span> <span class='ocrx_word' id='word_1_151' title='bbox 1224 1632 1292 1680; x_wconf 89' lang='lat' dir='ltr'>qui</span> <span class='ocrx_word' id='word_1_152' title='bbox 1337 1641 1467 1680; x_wconf 87' lang='lat' dir='ltr'>potest</span> <span class='ocrx_word' id='word_1_153' title='bbox 1509 1632 1583 1669; x_wconf 88' lang='lat' dir='ltr'>sibi</span> <span class='ocrx_word' id='word_1_154' title='bbox 1628 1634 1766 1670; x_wconf 88' lang='lat' dir='ltr'>adesse</span> <span class='ocrx_word' id='word_1_155' title='bbox 1806 1642 1844 1670; x_wconf 87' lang='lat' dir='ltr'>et</span> 
     </span>
     <span class='ocr_line' id='line_1_53' title="bbox 527 1690 1842 1739; baseline 0 -12"><span class='ocrx_word' id='word_1_156' title='bbox 527 1693 683 1738; x_wconf 78' lang='lat' dir='ltr'>abesse3</span> <span class='ocrx_word' id='word_1_157' title='bbox 706 1691 827 1739; x_wconf 86' lang='lat' dir='ltr'>igitur</span> <span class='ocrx_word' id='word_1_158' title='bbox 841 1691 1017 1739; x_wconf 90' lang='lat' dir='ltr'>primum</span> <span class='ocrx_word' id='word_1_159' title='bbox 1041 1703 1161 1739; x_wconf 87' lang='lat' dir='ltr'>agens</span> <span class='ocrx_word' id='word_1_160' title='bbox 1179 1699 1236 1727; x_wconf 89' lang='lat' dir='ltr'>est</span> <span class='ocrx_word' id='word_1_161' title='bbox 1252 1690 1399 1727; x_wconf 88' lang='lat' dir='ltr'>mobile</span> <span class='ocrx_word' id='word_1_162' title='bbox 1421 1692 1641 1727; x_wconf 87' lang='lat' dir='ltr'>secundum</span> <span class='ocrx_word' id='word_1_163' title='bbox 1657 1700 1842 1728; x_wconf 85' lang='lat' dir='ltr'>naturam</span> 
     </span>
     <span class='ocr_line' id='line_1_54' title="bbox 527 1748 1842 1797; baseline 0 -12"><span class='ocrx_word' id='word_1_164' title='bbox 527 1762 640 1786; x_wconf 88' lang='lat' dir='ltr'>suam</span> <span class='ocrx_word' id='word_1_165' title='bbox 680 1749 869 1797; x_wconf 86' lang='lat' dir='ltr'>primam,</span> <span class='ocrx_word' id='word_1_166' title='bbox 913 1748 1009 1797; x_wconf 87' lang='lat' dir='ltr'>quia</span> <span class='ocrx_word' id='word_1_167' title='bbox 1052 1761 1300 1796; x_wconf 88' lang='lat' dir='ltr'>consequens</span> <span class='ocrx_word' id='word_1_168' title='bbox 1345 1756 1403 1785; x_wconf 90' lang='lat' dir='ltr'>est</span> <span class='ocrx_word' id='word_1_169' title='bbox 1446 1748 1706 1796; x_wconf 89' lang='lat' dir='ltr'>impossibile,</span> <span class='ocrx_word' id='word_1_170' title='bbox 1752 1761 1842 1785; x_wconf 89' lang='lat' dir='ltr'>cum</span> 
     </span>
     <span class='ocr_line' id='line_1_55' title="bbox 527 1805 1902 1856; baseline 0 -13"><span class='ocrx_word' id='word_1_171' title='bbox 527 1807 703 1856; x_wconf 87' lang='lat' dir='ltr'>primum</span> <span class='ocrx_word' id='word_1_172' title='bbox 744 1819 877 1855; x_wconf 86' lang='lat' dir='ltr'>agens,</span> <span class='ocrx_word' id='word_1_173' title='bbox 924 1815 967 1843; x_wconf 90' lang='lat' dir='ltr'>ut</span> <span class='ocrx_word' id='word_1_174' title='bbox 1004 1806 1169 1855; x_wconf 89' lang='lat' dir='ltr'>patebit,</span> <span class='ocrx_word' id='word_1_175' title='bbox 1209 1815 1266 1843; x_wconf 87' lang='lat' dir='ltr'>est</span> <span class='ocrx_word' id='word_1_176' title='bbox 1310 1805 1464 1842; x_wconf 85' lang='lat' dir='ltr'>infinite</span> <span class='ocrx_word' id='word_1_177' title='bbox 1502 1806 1765 1854; x_wconf 86' lang='lat' dir='ltr'>perfeccionis</span> <span class='ocrx_word' id='word_1_178' title='bbox 1806 1815 1902 1843; x_wconf 80' lang='lat' dir='ltr'>etio</span> 
     </span>
     <span class='ocr_line' id='line_1_56' title="bbox 529 1863 1843 1913; baseline -0.001 -12"><span class='ocrx_word' id='word_1_179' title='bbox 529 1878 699 1912; x_wconf 84' lang='lat' dir='ltr'>summe,</span> <span class='ocrx_word' id='word_1_180' title='bbox 731 1874 769 1902; x_wconf 91' lang='lat' dir='ltr'>et</span> <span class='ocrx_word' id='word_1_181' title='bbox 790 1877 861 1913; x_wconf 89' lang='lat' dir='ltr'>per</span> <span class='ocrx_word' id='word_1_182' title='bbox 884 1877 1131 1913; x_wconf 85' lang='lat' dir='ltr'>consequens</span> <span class='ocrx_word' id='word_1_183' title='bbox 1157 1877 1237 1900; x_wconf 89' lang='lat' dir='ltr'>non</span> <span class='ocrx_word' id='word_1_184' title='bbox 1266 1865 1315 1900; x_wconf 87' lang='lat' dir='ltr'>ad</span> <span class='ocrx_word' id='word_1_185' title='bbox 1343 1863 1636 1912; x_wconf 87' lang='lat' dir='ltr'>perfeccionem</span> <span class='ocrx_word' id='word_1_186' title='bbox 1666 1864 1843 1913; x_wconf 86' lang='lat' dir='ltr'>aliquam</span> 
     </span>
     <span class='ocr_line' id='line_1_57' title="bbox 529 1922 1843 1971; baseline -0.001 -12"><span class='ocrx_word' id='word_1_187' title='bbox 529 1922 783 1969; x_wconf 83' lang='lat' dir='ltr'>mutabilem3</span> <span class='ocrx_word' id='word_1_188' title='bbox 817 1931 854 1959; x_wconf 90' lang='lat' dir='ltr'>et</span> <span class='ocrx_word' id='word_1_189' title='bbox 886 1932 1136 1971; x_wconf 90' lang='lat' dir='ltr'>assumptum</span> <span class='ocrx_word' id='word_1_190' title='bbox 1170 1931 1228 1958; x_wconf 88' lang='lat' dir='ltr'>est</span> <span class='ocrx_word' id='word_1_191' title='bbox 1253 1934 1404 1968; x_wconf 87' lang='lat' dir='ltr'>verum,</span> <span class='ocrx_word' id='word_1_192' title='bbox 1439 1935 1530 1959; x_wconf 91' lang='lat' dir='ltr'>cum</span> <span class='ocrx_word' id='word_1_193' title='bbox 1562 1922 1652 1959; x_wconf 85' lang='lat' dir='ltr'>talis</span> <span class='ocrx_word' id='word_1_194' title='bbox 1683 1922 1843 1970; x_wconf 86' lang='lat' dir='ltr'>veritas,</span> 
     </span>
     <span class='ocr_line' id='line_1_58' title="bbox 529 1979 1844 2029; baseline 0 -11"><span class='ocrx_word' id='word_1_195' title='bbox 529 1981 680 2018; x_wconf 89' lang='lat' dir='ltr'>scilicet</span> <span class='ocrx_word' id='word_1_196' title='bbox 713 1993 948 2018; x_wconf 89' lang='lat' dir='ltr'>conservare</span> <span class='ocrx_word' id='word_1_197' title='bbox 981 1981 1082 2018; x_wconf 91' lang='lat' dir='ltr'>hanc</span> <span class='ocrx_word' id='word_1_198' title='bbox 1122 1981 1276 2026; x_wconf 89' lang='lat' dir='ltr'>horam,</span> <span class='ocrx_word' id='word_1_199' title='bbox 1317 1979 1396 2017; x_wconf 90' lang='lat' dir='ltr'>iam</span> <span class='ocrx_word' id='word_1_200' title='bbox 1437 1980 1512 2017; x_wconf 89' lang='lat' dir='ltr'>sibi</span> <span class='ocrx_word' id='word_1_201' title='bbox 1551 1980 1714 2029; x_wconf 90' lang='lat' dir='ltr'>propria</span> <span class='ocrx_word' id='word_1_202' title='bbox 1746 1982 1844 2018; x_wconf 87' lang='lat' dir='ltr'>hora</span> 
     </span>
     <span class='ocr_line' id='line_1_59' title="bbox 530 2037 1845 2088; baseline 0 -13"><span class='ocrx_word' id='word_1_203' title='bbox 530 2039 674 2088; x_wconf 86' lang='lat' dir='ltr'>querit,</span> <span class='ocrx_word' id='word_1_204' title='bbox 709 2047 746 2075; x_wconf 93' lang='lat' dir='ltr'>et</span> <span class='ocrx_word' id='word_1_205' title='bbox 777 2051 850 2075; x_wconf 87' lang='lat' dir='ltr'>nec</span> <span class='ocrx_word' id='word_1_206' title='bbox 882 2047 974 2076; x_wconf 88' lang='lat' dir='ltr'>ante</span> <span class='ocrx_word' id='word_1_207' title='bbox 1005 2051 1135 2087; x_wconf 91' lang='lat' dir='ltr'>neque</span> <span class='ocrx_word' id='word_1_208' title='bbox 1158 2047 1247 2087; x_wconf 90' lang='lat' dir='ltr'>post</span> <span class='ocrx_word' id='word_1_209' title='bbox 1279 2037 1358 2074; x_wconf 90' lang='lat' dir='ltr'>iam</span> <span class='ocrx_word' id='word_1_210' title='bbox 1392 2039 1597 2087; x_wconf 87' lang='lat' dir='ltr'>querebat,</span> <span class='ocrx_word' id='word_1_211' title='bbox 1629 2047 1673 2075; x_wconf 89' lang='lat' dir='ltr'>ut</span> <span class='ocrx_word' id='word_1_212' title='bbox 1705 2047 1845 2087; x_wconf 88' lang='lat' dir='ltr'>postea</span> 
     </span>
     <span class='ocr_line' id='line_1_60' title="bbox 531 2096 1901 2134; baseline 0 0"><span class='ocrx_word' id='word_1_213' title='bbox 531 2096 809 2134; x_wconf 86' lang='lat' dir='ltr'>declarabitur.</span> <span class='ocrx_word' id='word_1_214' title='bbox 1864 2102 1901 2134; x_wconf 80' lang='lat'>15</span> 
     </span>
    </p>

    <p class='ocr_par' dir='ltr' id='par_1_14' title="bbox 531 2153 1904 2596">
     <span class='ocr_line' id='line_1_61' title="bbox 587 2153 1845 2202; baseline -0.001 -11"><span class='ocrx_word' id='word_1_215' title='bbox 587 2157 710 2191; x_wconf 87' lang='lat' dir='ltr'>Noto:</span> <span class='ocrx_word' id='word_1_216' title='bbox 735 2153 946 2191; x_wconf 88' lang='lat' dir='ltr'>distinccio</span> <span class='ocrx_word' id='word_1_217' title='bbox 968 2153 1146 2190; x_wconf 88' lang='lat' dir='ltr'>formalis</span> <span class='ocrx_word' id='word_1_218' title='bbox 1164 2162 1330 2190; x_wconf 87' lang='lat' dir='ltr'>vocatur</span> <span class='ocrx_word' id='word_1_219' title='bbox 1349 2153 1571 2200; x_wconf 85' lang='lat' dir='ltr'>distinccio,</span> <span class='ocrx_word' id='word_1_220' title='bbox 1594 2167 1673 2202; x_wconf 88' lang='lat' dir='ltr'>qua</span> <span class='ocrx_word' id='word_1_221' title='bbox 1693 2154 1845 2202; x_wconf 87' lang='lat' dir='ltr'>aliquid</span> 
     </span>
     <span class='ocr_line' id='line_1_62' title="bbox 531 2211 1842 2260; baseline -0.001 -11"><span class='ocrx_word' id='word_1_222' title='bbox 531 2214 580 2249; x_wconf 92' lang='lat' dir='ltr'>ab</span> <span class='ocrx_word' id='word_1_223' title='bbox 619 2212 754 2260; x_wconf 80' lang='lat' dir='ltr'>aliquo</span> <span class='ocrx_word' id='word_1_224' title='bbox 793 2211 1061 2260; x_wconf 87' lang='lat' dir='ltr'>distingwitur</span> <span class='ocrx_word' id='word_1_225' title='bbox 1100 2213 1318 2248; x_wconf 89' lang='lat' dir='ltr'>secundum</span> <span class='ocrx_word' id='word_1_226' title='bbox 1359 2213 1524 2248; x_wconf 89' lang='lat' dir='ltr'>modum</span> <span class='ocrx_word' id='word_1_227' title='bbox 1551 2213 1619 2248; x_wconf 64' lang='lat' dir='ltr'>&#39;vel</span> <span class='ocrx_word' id='word_1_228' title='bbox 1657 2212 1842 2258; x_wconf 86' lang='lat' dir='ltr'>formam,</span> 
     </span>
     <span class='ocr_line' id='line_1_63' title="bbox 531 2269 1844 2319; baseline 0 -13"><span class='ocrx_word' id='word_1_229' title='bbox 531 2283 613 2306; x_wconf 85' lang='lat' dir='ltr'>non</span> <span class='ocrx_word' id='word_1_230' title='bbox 635 2272 819 2307; x_wconf 89' lang='lat' dir='ltr'>obstante</span> <span class='ocrx_word' id='word_1_231' title='bbox 836 2270 976 2316; x_wconf 89' lang='lat' dir='ltr'>eciam,</span> <span class='ocrx_word' id='word_1_232' title='bbox 997 2271 1104 2319; x_wconf 88' lang='lat' dir='ltr'>quod</span> <span class='ocrx_word' id='word_1_233' title='bbox 1127 2269 1177 2306; x_wconf 89' lang='lat' dir='ltr'>sit</span> <span class='ocrx_word' id='word_1_234' title='bbox 1199 2269 1305 2306; x_wconf 84' lang='lat' dir='ltr'>idern</span> <span class='ocrx_word' id='word_1_235' title='bbox 1321 2269 1558 2306; x_wconf 85' lang='lat' dir='ltr'>naturaliter</span> <span class='ocrx_word' id='word_1_236' title='bbox 1576 2283 1664 2306; x_wconf 90' lang='lat' dir='ltr'>cum</span> <span class='ocrx_word' id='word_1_237' title='bbox 1683 2271 1844 2307; x_wconf 89' lang='lat' dir='ltr'>eodem:</span> 
     </span>
     <span class='ocr_line' id='line_1_64' title="bbox 532 2327 1844 2376; baseline 0 -12"><span class='ocrx_word' id='word_1_238' title='bbox 532 2328 587 2364; x_wconf 88' lang='lat' dir='ltr'>sic</span> <span class='ocrx_word' id='word_1_239' title='bbox 620 2341 685 2364; x_wconf 89' lang='lat' dir='ltr'>sor</span> <span class='ocrx_word' id='word_1_240' title='bbox 709 2328 839 2364; x_wconf 87' lang='lat' dir='ltr'>differt</span> <span class='ocrx_word' id='word_1_241' title='bbox 872 2341 895 2365; x_wconf 90' lang='lat' dir='ltr'>a</span> <span class='ocrx_word' id='word_1_242' title='bbox 927 2337 1032 2364; x_wconf 89' lang='lat' dir='ltr'>sorte</span> <span class='ocrx_word' id='word_1_243' title='bbox 1065 2328 1239 2373; x_wconf 89' lang='lat' dir='ltr'>sedente,</span> <span class='ocrx_word' id='word_1_244' title='bbox 1274 2340 1364 2364; x_wconf 89' lang='lat' dir='ltr'>cum</span> <span class='ocrx_word' id='word_1_245' title='bbox 1388 2327 1498 2376; x_wconf 89' lang='lat' dir='ltr'>prius</span> <span class='ocrx_word' id='word_1_246' title='bbox 1531 2327 1580 2364; x_wconf 90' lang='lat' dir='ltr'>sit</span> <span class='ocrx_word' id='word_1_247' title='bbox 1613 2341 1689 2374; x_wconf 89' lang='lat' dir='ltr'>sor,</span> <span class='ocrx_word' id='word_1_248' title='bbox 1723 2341 1844 2376; x_wconf 87' lang='lat' dir='ltr'>quam</span> 
     </span>
     <span class='ocr_line' id='line_1_65' title="bbox 532 2385 1904 2434; baseline 0.001 -12"><span class='ocrx_word' id='word_1_249' title='bbox 532 2386 582 2422; x_wconf 90' lang='lat' dir='ltr'>sit</span> <span class='ocrx_word' id='word_1_250' title='bbox 615 2399 680 2422; x_wconf 92' lang='lat' dir='ltr'>sor</span> <span class='ocrx_word' id='word_1_251' title='bbox 713 2387 865 2422; x_wconf 88' lang='lat' dir='ltr'>sedens.</span> <span class='ocrx_word' id='word_1_252' title='bbox 899 2385 1065 2422; x_wconf 89' lang='lat' dir='ltr'>Minime</span> <span class='ocrx_word' id='word_1_253' title='bbox 1099 2398 1192 2433; x_wconf 87' lang='lat' dir='ltr'>ergo</span> <span class='ocrx_word' id='word_1_254' title='bbox 1215 2398 1285 2434; x_wconf 89' lang='lat' dir='ltr'>per</span> <span class='ocrx_word' id='word_1_255' title='bbox 1317 2385 1425 2422; x_wconf 88' lang='lat' dir='ltr'>illam</span> <span class='ocrx_word' id='word_1_256' title='bbox 1451 2386 1570 2422; x_wconf 89' lang='lat' dir='ltr'>talem</span> <span class='ocrx_word' id='word_1_257' title='bbox 1594 2385 1845 2434; x_wconf 86' lang='lat' dir='ltr'>prioritatem</span> <span class='ocrx_word' id='word_1_258' title='bbox 1863 2402 1904 2423; x_wconf 89' lang='lat'>20</span> 
     </span>
     <span class='ocr_line' id='line_1_66' title="bbox 532 2443 1842 2492; baseline 0 -12"><span class='ocrx_word' id='word_1_259' title='bbox 532 2457 597 2480; x_wconf 87' lang='lat' dir='ltr'>sor</span> <span class='ocrx_word' id='word_1_260' title='bbox 636 2444 769 2489; x_wconf 87' lang='lat' dir='ltr'>distat,</span> <span class='ocrx_word' id='word_1_261' title='bbox 816 2452 853 2480; x_wconf 86' lang='lat' dir='ltr'>et</span> <span class='ocrx_word' id='word_1_262' title='bbox 890 2456 960 2492; x_wconf 88' lang='lat' dir='ltr'>per</span> <span class='ocrx_word' id='word_1_263' title='bbox 999 2455 1246 2491; x_wconf 87' lang='lat' dir='ltr'>consequens</span> <span class='ocrx_word' id='word_1_264' title='bbox 1285 2443 1416 2480; x_wconf 86' lang='lat' dir='ltr'>differt</span> <span class='ocrx_word' id='word_1_265' title='bbox 1454 2456 1477 2479; x_wconf 87' lang='lat' dir='ltr'>a</span> <span class='ocrx_word' id='word_1_266' title='bbox 1520 2452 1625 2480; x_wconf 90' lang='lat' dir='ltr'>sorte</span> <span class='ocrx_word' id='word_1_267' title='bbox 1669 2445 1842 2480; x_wconf 87' lang='lat' dir='ltr'>sedente.</span> 
     </span>
     <span class='ocr_line' id='line_1_67' title="bbox 533 2501 1846 2550; baseline 0 -13"><span class='ocrx_word' id='word_1_268' title='bbox 533 2501 751 2538; x_wconf 88' lang='lat' dir='ltr'>Distinccio</span> <span class='ocrx_word' id='word_1_269' title='bbox 775 2501 892 2538; x_wconf 88' lang='lat' dir='ltr'>realis</span> <span class='ocrx_word' id='word_1_270' title='bbox 914 2510 1079 2538; x_wconf 89' lang='lat' dir='ltr'>vocatur</span> <span class='ocrx_word' id='word_1_271' title='bbox 1101 2501 1323 2547; x_wconf 87' lang='lat' dir='ltr'>distincci0‚</span> <span class='ocrx_word' id='word_1_272' title='bbox 1358 2514 1437 2550; x_wconf 84' lang='lat' dir='ltr'>qua</span> <span class='ocrx_word' id='word_1_273' title='bbox 1458 2501 1609 2550; x_wconf 86' lang='lat' dir='ltr'>aliquid</span> <span class='ocrx_word' id='word_1_274' title='bbox 1633 2503 1681 2538; x_wconf 91' lang='lat' dir='ltr'>ab</span> <span class='ocrx_word' id='word_1_275' title='bbox 1705 2501 1782 2538; x_wconf 90' lang='lat' dir='ltr'>alio</span> <span class='ocrx_word' id='word_1_276' title='bbox 1806 2514 1846 2538; x_wconf 90' lang='lat' dir='ltr'>re</span> 
     </span>
     <span class='ocr_line' id='line_1_68' title="bbox 532 2559 962 2596; baseline 0 0"><span class='ocrx_word' id='word_1_277' title='bbox 532 2559 594 2596; x_wconf 85' lang='lat' dir='ltr'>vel</span> <span class='ocrx_word' id='word_1_278' title='bbox 627 2559 786 2596; x_wconf 89' lang='lat' dir='ltr'>realiter</span> <span class='ocrx_word' id='word_1_279' title='bbox 818 2559 962 2596; x_wconf 89' lang='lat' dir='ltr'>differt.</span> 
     </span>
    </p>

    <p class='ocr_par' dir='ltr' id='par_1_15' title="bbox 535 2616 1902 2838">
     <span class='ocr_line' id='line_1_69' title="bbox 593 2616 1846 2665; baseline 0 -12"><span class='ocrx_word' id='word_1_280' title='bbox 593 2617 709 2654; x_wconf 90' lang='lat' dir='ltr'>Circa</span> <span class='ocrx_word' id='word_1_281' title='bbox 748 2629 825 2665; x_wconf 91' lang='lat' dir='ltr'>que</span> <span class='ocrx_word' id='word_1_282' title='bbox 863 2625 986 2665; x_wconf 85' lang='lat' dir='ltr'>patet,</span> <span class='ocrx_word' id='word_1_283' title='bbox 1026 2618 1135 2665; x_wconf 90' lang='lat' dir='ltr'>quod</span> <span class='ocrx_word' id='word_1_284' title='bbox 1171 2629 1253 2653; x_wconf 89' lang='lat' dir='ltr'>non</span> <span class='ocrx_word' id='word_1_285' title='bbox 1291 2617 1394 2654; x_wconf 89' lang='lat' dir='ltr'>valet</span> <span class='ocrx_word' id='word_1_286' title='bbox 1433 2616 1742 2665; x_wconf 89' lang='lat' dir='ltr'>consequencia:</span> <span class='ocrx_word' id='word_1_287' title='bbox 1781 2616 1846 2653; x_wconf 89' lang='lat' dir='ltr'>isti</span> 
     </span>
     <span class='ocr_line' id='line_1_70' title="bbox 535 2674 1902 2723; baseline 0.001 -13"><span class='ocrx_word' id='word_1_288' title='bbox 535 2676 613 2711; x_wconf 91' lang='lat' dir='ltr'>duo</span> <span class='ocrx_word' id='word_1_289' title='bbox 648 2674 757 2711; x_wconf 90' lang='lat' dir='ltr'>modi</span> <span class='ocrx_word' id='word_1_290' title='bbox 789 2683 895 2721; x_wconf 83' lang='lat' dir='ltr'>sunt,</span> <span class='ocrx_word' id='word_1_291' title='bbox 935 2683 971 2711; x_wconf 92' lang='lat' dir='ltr'>et</span> <span class='ocrx_word' id='word_1_292' title='bbox 1003 2687 1105 2711; x_wconf 89' lang='lat' dir='ltr'>unus</span> <span class='ocrx_word' id='word_1_293' title='bbox 1137 2687 1218 2711; x_wconf 89' lang='lat' dir='ltr'>non</span> <span class='ocrx_word' id='word_1_294' title='bbox 1250 2683 1306 2711; x_wconf 89' lang='lat' dir='ltr'>est</span> <span class='ocrx_word' id='word_1_295' title='bbox 1339 2674 1466 2720; x_wconf 87' lang='lat' dir='ltr'>aliud;</span> <span class='ocrx_word' id='word_1_296' title='bbox 1505 2674 1627 2723; x_wconf 87' lang='lat' dir='ltr'>igitur</span> <span class='ocrx_word' id='word_1_297' title='bbox 1659 2674 1846 2711; x_wconf 86' lang='lat' dir='ltr'>differunt</span> <span class='ocrx_word' id='word_1_298' title='bbox 1863 2683 1902 2715; x_wconf 83' lang='lat'>25</span> 
     </span>
     <span class='ocr_line' id='line_1_71' title="bbox 536 2731 1846 2781; baseline 0 -13"><span class='ocrx_word' id='word_1_299' title='bbox 536 2732 715 2778; x_wconf 80' lang='lat' dir='ltr'>realiter3</span> <span class='ocrx_word' id='word_1_300' title='bbox 754 2740 863 2780; x_wconf 88' lang='lat' dir='ltr'>patet</span> <span class='ocrx_word' id='word_1_301' title='bbox 895 2732 1104 2778; x_wconf 85' lang='lat' dir='ltr'>instancia,</span> <span class='ocrx_word' id='word_1_302' title='bbox 1146 2731 1240 2781; x_wconf 85' lang='lat' dir='ltr'>quia</span> <span class='ocrx_word' id='word_1_303' title='bbox 1273 2732 1485 2780; x_wconf 88' lang='lat' dir='ltr'>singularis</span> <span class='ocrx_word' id='word_1_304' title='bbox 1518 2731 1774 2769; x_wconf 88' lang='lat' dir='ltr'>conservacio</span> <span class='ocrx_word' id='word_1_305' title='bbox 1806 2731 1846 2769; x_wconf 90' lang='lat' dir='ltr'>in</span> 
     </span>
     <span class='ocr_line' id='line_1_72' title="bbox 535 2789 1846 2838; baseline 0.001 -12"><span class='ocrx_word' id='word_1_306' title='bbox 535 2790 667 2838; x_wconf 88' lang='lat' dir='ltr'>primo</span> <span class='ocrx_word' id='word_1_307' title='bbox 699 2799 840 2838; x_wconf 84' lang='lat' dir='ltr'>agente</span> <span class='ocrx_word' id='word_1_308' title='bbox 872 2789 986 2826; x_wconf 89' lang='lat' dir='ltr'>istius</span> <span class='ocrx_word' id='word_1_309' title='bbox 1018 2789 1204 2837; x_wconf 86' lang='lat' dir='ltr'>hominis,</span> <span class='ocrx_word' id='word_1_310' title='bbox 1244 2803 1334 2827; x_wconf 89' lang='lat' dir='ltr'>cum</span> <span class='ocrx_word' id='word_1_311' title='bbox 1374 2789 1452 2827; x_wconf 86' lang='lat' dir='ltr'>alio</span> <span class='ocrx_word' id='word_1_312' title='bbox 1485 2791 1606 2827; x_wconf 92' lang='lat' dir='ltr'>modo</span> <span class='ocrx_word' id='word_1_313' title='bbox 1639 2798 1846 2827; x_wconf 86' lang='lat' dir='ltr'>conservat</span> 
     </span>
    </p>
   </div>
  </div>
 </body>
</html>
