2056 3234
814 741 895 787 IV.

204 864 382 910 Utrum
410 863 582 924 aliqua
608 863 823 909 felicitas
847 863 1191 922 capacitatem
1216 863 1507 909 intellectus
1586 875 1728 914 Camany

1575 911 1744 945 happiness

400 933 619 980 humani
650 933 881 980 totaliter
912 933 1070 980 habet
1102 933 1311 979 saciare.
1575 946 1680 972 satiate
1700 945 1750 972 1110

1603 980 1716 1006 human

1583 1014 1728 1041 intellect
1723 1014 1733 1034 >

258 1066 462 1114 A1guitur,
508 1067 616 1114 quod
660 1079 752 1112 non,
808 1066 901 1114 quia
945 1066 1146 1114 appetitus
1199 1067 1398 1102 humanus
1451 1074 1508 1102 est
1562 1071 1622 1105 No,
1642 1071 1768 1098 forth

201 1124 354 1160 infinite
389 1123 643 1172 capacitatis;
678 1137 770 1172 ergo
803 1137 885 1160 non
917 1132 1049 1172 potest
1080 1124 1259 1160 totaliter
1291 1123 1447 1161 saciari.
1530 1092 1796 1168 huffiassfialpipgtite

259 1184 381 1218 Noto:
428 1181 612 1218 Felicitas
664 1181 837 1218 hominis
890 1181 1045 1229 capitur
1096 1181 1320 1229 tripliciter.
1373 1180 1507 1217 Primo
1522 1175 1623 1203 Three
1643 1182 1747 1202 senses
1764 1175 1802 1201 of

202 1239 359 1287 capitur
402 1252 474 1287 pro
518 1252 680 1275 summo
725 1239 898 1276 hominis
943 1241 1048 1275 bono
1096 1241 1273 1276 humano
1321 1238 1507 1287 simplici,
1553 1253 1573 1272 1.
1567 1210 1772 1284 ῃξὲὲῗέἓεε

170 1300 281 1333 ΞΗΟΠ
326 1306 541 1345 aggregato
581 1310 623 1333 ex
661 1298 842 1345 pluribus
881 1297 995 1333 bonis
1035 1297 1221 1334 humanis
1260 1297 1507 1334 diversarum
1530 1278 1796 1349 mffltrigigticnigde

203 1354 425 1403 specierum
480 1354 750 1391 essencialiter
793 1355 833 1391 in
884 1355 1059 1403 presenti
1113 1354 1193 1391 vita
1245 1356 1294 1391 ab
1350 1354 1510 1390 homine
1555 1336 1769 1421 aggfieogaffeniff

203 1412 450 1460 acquisibile.
475 1414 523 1449 Et
547 1412 691 1448 dicitur
714 1412 817 1449 sumi
839 1412 1007 1449 felicitas
1031 1412 1203 1449 hominis
1227 1425 1299 1460 pro
1322 1412 1511 1449 felicitate
1554 1417 1634 1453 good
1655 1417 1769 1452 things

206 1470 378 1506 hominis
409 1470 482 1506 sibi
512 1469 728 1507 intrinseca
750 1470 985 1516 formaliter,
1019 1483 1096 1518 que
1121 1470 1325 1507 communi
1347 1470 1511 1506 nomine

206 1527 352 1564 dicitur
375 1540 458 1564 esse
480 1527 648 1564 felicitas
674 1528 846 1564 hominis
870 1528 1069 1573 formalis,
1104 1537 1140 1564 et
1164 1530 1210 1564 de
1233 1527 1303 1564 tali
1325 1528 1513 1565 felicitate

153 1587 363 1622 xolocutus
396 1594 453 1622 est
476 1585 745 1634 Philosophus
769 1586 899 1634 primo
923 1585 1171 1632 Ethicorum,
1196 1586 1378 1631 innuens,
1404 1587 1513 1633 quod

207 1643 329 1679 felicis
368 1643 542 1680 hominis
583 1652 639 1680 est
672 1643 859 1692 operacio
892 1643 1069 1680 virtuosa
1109 1643 1261 1692 optima
1293 1644 1511 1680 secundum

60 1704 98 1736 F.
119 1703 191 1746 187¹
206 1701 436 1749 potenciam
481 1701 692 1749 optimam,
741 1698 745 1753 1
784 1701 858 1738 viri
902 1701 1068 1749 perfecti
1114 1701 1153 1738 in
1196 1701 1277 1737 vita
1321 1702 1511 1749 perfecta,

207 1758 358 1795 finituri
390 1759 512 1795 vitam
546 1772 659 1795 suam
694 1759 770 1795 fine
804 1760 924 1795 bono.

266 1818 449 1853 Secundo
473 1818 594 1853 modo
617 1816 788 1853 sumitur
802 1816 969 1853 felicitas
993 1829 1066 1864 pro
1091 1825 1305 1864 aggregato
1330 1816 1510 1852 omnium
1527 1829 1552 1849 2
1561 1821 1628 1849 '1110
1642 1825 1802 1857 1gg1egatc

154 1875 405 1910 15bonorum
447 1874 619 1911 hominis
659 1874 942 1922 requisitorum
983 1876 1033 1910 ad
1067 1875 1154 1918 hoc,
1203 1875 1311 1922 quod
1344 1874 1432 1922 quis
1464 1856 1801 1929 s1t1111ffifg3¹¹1htss¹t⁰2⁰we

208 1931 298 1968 felix
336 1932 525 1969 felicitate
562 1932 794 1969 immediate
832 1932 1007 1969 definita.
1048 1934 1096 1968 Et
1134 1908 1181 1968 cle
1220 1932 1287 1968 illa
1326 1931 1513 1968 felicitate
1575 1925 1753 1996 ᾕέζὲῗὲὲξδ

208 1990 366 2026 locutus
398 1999 453 2026 est
475 1989 712 2026 venerabilis
736 1990 903 2027 Boecius
932 1990 972 2026 in
1001 1990 1126 2027 tercio
1157 1991 1204 2026 de
1234 1989 1514 2026 consolacione

277 2131 311 2151 11.
337 2123 427 2151 Cod.
426 2132 431 2138 ·
457 2129 531 2158 ορει0
552 2122 670 2151 v'tuosa
690 2124 794 2158 opti'a.

283 2217 332 2238 10.
360 2207 412 2248 Cf.
432 2207 535 2238 Arist.
555 2206 666 2238 Ethic.
688 2208 821 2238 Nicom.
843 2208 853 2238 Ι
879 2218 897 2249 7
919 2206 984 2249 (6),
1010 2208 1046 2240 15
1069 2207 1152 2248 (Ed.
1175 2209 1254 2239 Par.
1279 2209 1317 2239 II
1341 2209 1369 2243 7
1393 2209 1415 2239 8
1435 2208 1516 2246 ss..·)

207 2252 390 2284 Ἕκαστον
415 2251 446 2283 δ’
462 2248 499 2284 εὖ
526 2250 616 2284 κατὰ
642 2250 707 2294 τὴν
732 2251 870 2285 οἰκείαν
886 2251 1018 2295 ἀρετὴν
1035 2251 1278 2285 ἀποτελεῖται·
1306 2250 1336 2285 εἰ
1361 2252 1392 2284 δ’
1406 2253 1515 2308 οὕτωΞ

208 2298 247 2330 τὸ
274 2296 515 2340 ἀνθρώπινον
539 2295 683 2340 ἀγαθὸν
706 2302 824 2341 ψυχῆς
854 2296 1012 2340 ἐνέργεια
1042 2298 1178 2340 γίνεται
1208 2299 1284 2331 κατ’
1310 2298 1450 2341 ἄρετήν,
1484 2297 1515 2331 εἰ

198 2342 247 2376 ’δὲ
278 2343 423 2382 πλείους
452 2342 490 2376 αἱ
522 2343 658 2387 ἀρεταί,
689 2344 779 2377 κατὰ
812 2343 877 2386 τὴν
909 2344 1059 2388 ἀρίστην
1089 2344 1149 2378 καὶ
1185 2344 1426 2403 τελειοτάτην·
1464 2343 1516 2377 ἔτι

209 2389 240 2422 δ’
263 2386 302 2422 ἐν
332 2389 398 2434 βίῳ
425 2389 558 2434 τελείῳ.
593 2391 680 2423 Ibid.
711 2392 740 2423 X
769 2392 836 2433 [XI]
871 2392 906 2424 15
941 2393 989 2432 (p.
1016 2395 1062 2431 11,
1090 2394 1175 2433 30).·
1217 2391 1264 2423 Τι’
1294 2387 1359 2423 οὗν
1389 2391 1517 2423 κωλύει

209 2435 321 2477 λέγειν
352 2435 549 2478 εὐδαίμονα
583 2433 647 2468 τὸν
678 2436 753 2469 κατ’
780 2434 912 2480 ἀρετὴν
941 2436 1079 2469 τελείαν
1110 2434 1322 2480 ἐνεργοῦντα
1357 2435 1417 2470 καὶ
1441 2439 1516 2475 τοῖς

210 2479 310 2519 ἐκτὸς
347 2481 502 2524 ἀγαθοῖς
532 2481 666 2520 ἱκανῶς
697 2482 981 2526 κεχορηγημένον
1016 2482 1065 2538 μὴ
1103 2481 1169 2516 τὸν
1205 2482 1358 2527 τυχόντα
1387 2481 1517 2526 χρόνον

210 2526 295 2560 ἀλλὰ
333 2527 467 2561 τέλειον
501 2527 599 2571 βίους
641 2525 662 2569 ἢ
709 2528 932 2584 προς-θετέον
969 2529 1029 2562 καὶ
1065 2528 1289 2573 βιωσόμενον
1324 2529 1419 2562 οὕτω
1457 2528 1517 2561 καὶ

210 2573 466 2616 τελευτήσοντα
494 2586 587 2606 κατα
619 2573 733 2616 λόγον,
765 2572 889 2617 ἐπειδὴ
921 2572 962 2607 τὸ
995 2574 1121 2618 μέλλον
1151 2574 1291 2618 ἀφανὲς
1322 2573 1418 2618 ημῖν,
1452 2573 1517 2617 τὴν

211 2618 444 2663 εὐδαιμονίαν
492 2619 531 2652 δὲ
580 2619 679 2659 τέλος
726 2619 785 2653 καὶ
834 2620 968 2654 τέλειον
1015 2621 1164 2664 τίθεμεν
1202 2633 1318 2665 παντῃ
1359 2620 1515 2659 πάντως.

216 2677 265 2708 17.
311 2667 363 2709 Cf.
403 2667 519 2698 Manlii
560 2668 713 2699 Severini
754 2669 862 2699 Boetii
901 2669 951 2699 De
993 2668 1232 2700 consolatione
1274 2668 1516 2711 philosophiae

210 2713 268 2744 lib.
294 2713 347 2753 III,
375 2713 469 2745 Pros.
496 2713 523 2744 H
549 2714 687 2755 (lMigne
714 2714 844 2750 LAJJI,
872 2724 906 2755 p.
939 2716 1009 2745 726
1024 2715 1091 2754 B).·
1117 2716 1223 2756 Alqui
1249 2725 1316 2747 non
1344 2719 1395 2747 est
1419 2714 1517 2746 aliud

211 2758 304 2801 quod
328 2768 437 2801 aeque
456 2759 628 2802 perficere
655 2759 905 2792 beatitudinem
927 2760 1054 2803 possit,
1086 2771 1190 2802 quam
1223 2762 1381 2802 copiosus
1411 2761 1514 2793 bono-

193 2815 288 2837 .rum
316 2806 471 2838 omnium
498 2809 624 2846 status,
653 2816 713 2839 nec
736 2806 845 2839 alieni
868 2816 988 2849 agens,
1014 2807 1077 2839 sed
1101 2806 1165 2839 sibi
1190 2807 1258 2848 ipsi
1283 2806 1469 2849 sufficiens.
