<?xml version="1.0" encoding="UTF-8"?>
<!DOCTYPE html PUBLIC "-//W3C//DTD XHTML 1.0 Transitional//EN"
    "http://www.w3.org/TR/xhtml1/DTD/xhtml1-transitional.dtd">
<html xmlns="http://www.w3.org/1999/xhtml" xml:lang="en" lang="en">
 <head>
  <title>
</title>
<meta http-equiv="Content-Type" content="text/html;charset=utf-8" />
  <meta name='ocr-system' content='tesseract 3.04.00' />
  <meta name='ocr-capabilities' content='ocr_page ocr_carea ocr_par ocr_line ocrx_word'/>
</head>
<body>
  <div class='ocr_page' id='page_1' title='image "./deentepraedicame00wycl_0043.png"; bbox 0 0 2056 3234; ppageno 0'>
   <div class='ocr_carea' id='block_1_1' title="bbox 451 889 1196 944">
    <p class='ocr_par' dir='ltr' id='par_1_1' title="bbox 451 889 1196 944">
     <span class='ocr_line' id='line_1_1' title="bbox 451 889 1196 944; baseline 0.001 -1"><span class='ocrx_word' id='word_1_1' title='bbox 451 889 709 944; x_wconf 86' lang='lat' dir='ltr'>CAPUT</span> <span class='ocrx_word' id='word_1_2' title='bbox 747 890 1196 944; x_wconf 90' lang='lat' dir='ltr'>SECUNDUM.</span> 
     </span>
    </p>
   </div>
   <div class='ocr_carea' id='block_1_2' title="bbox 107 1044 1769 2651">
    <p class='ocr_par' dir='ltr' id='par_1_2' title="bbox 107 1044 1769 2651">
     <span class='ocr_line' id='line_1_2' title="bbox 225 1044 1760 1094; baseline 0 -14"><span class='ocrx_word' id='word_1_3' title='bbox 225 1045 526 1093; x_wconf 90' lang='lat' dir='ltr'>Consequenter</span> <span class='ocrx_word' id='word_1_4' title='bbox 557 1052 680 1081; x_wconf 90' lang='lat' dir='ltr'>restat</span> <span class='ocrx_word' id='word_1_5' title='bbox 711 1044 845 1081; x_wconf 89' lang='lat' dir='ltr'>videre</span> <span class='ocrx_word' id='word_1_6' title='bbox 884 1046 931 1081; x_wconf 91' lang='lat' dir='ltr'>de</span> <span class='ocrx_word' id='word_1_7' title='bbox 968 1044 1258 1082; x_wconf 88' lang='lat' dir='ltr'>univocacione</span> <span class='ocrx_word' id='word_1_8' title='bbox 1297 1054 1334 1081; x_wconf 89' lang='lat' dir='ltr'>et</span> <span class='ocrx_word' id='word_1_9' title='bbox 1368 1045 1477 1094; x_wconf 90' lang='lat' dir='ltr'>equi·</span> <span class='ocrx_word' id='word_1_10' title='bbox 1497 1052 1688 1093; x_wconf 39' lang='lat' dir='ltr'>Univpcatio·</span> <span class='ocrx_word' id='word_1_11' title='bbox 1701 1054 1760 1081; x_wconf 81' lang='lat' dir='ltr'>and</span> 
     </span>
     <span class='ocr_line' id='line_1_3' title="bbox 165 1088 1766 1158; baseline 0 -19"><span class='ocrx_word' id='word_1_12' title='bbox 165 1102 382 1139; x_wconf 83' lang='lat' dir='ltr'>vocacione</span> <span class='ocrx_word' id='word_1_13' title='bbox 429 1114 561 1138; x_wconf 90' lang='lat' dir='ltr'>rerum</span> <span class='ocrx_word' id='word_1_14' title='bbox 616 1102 655 1138; x_wconf 92' lang='lat' dir='ltr'>in</span> <span class='ocrx_word' id='word_1_15' title='bbox 700 1102 780 1138; x_wconf 90' lang='lat' dir='ltr'>suis</span> <span class='ocrx_word' id='word_1_16' title='bbox 823 1102 1073 1149; x_wconf 81' lang='lat' dir='ltr'>racionibus3</span> <span class='ocrx_word' id='word_1_17' title='bbox 1135 1104 1211 1139; x_wconf 93' lang='lat' dir='ltr'>hoc</span> <span class='ocrx_word' id='word_1_18' title='bbox 1262 1102 1366 1139; x_wconf 90' lang='lat' dir='ltr'>enim</span> <span class='ocrx_word' id='word_1_19' title='bbox 1420 1112 1478 1139; x_wconf 94' lang='lat' dir='ltr'>est</span> <span class='ocrx_word' id='word_1_20' title='bbox 1498 1092 1710 1158; x_wconf 53' lang='grc' dir='ltr'>Ηθᾳᾞζῑῗξέο</span> <span class='ocrx_word' id='word_1_21' title='bbox 1730 1088 1766 1116; x_wconf 90' lang='lat' dir='ltr'>of</span> 
     </span>
     <span class='ocr_line' id='line_1_4' title="bbox 165 1157 1769 1219; baseline 0.001 -23"><span class='ocrx_word' id='word_1_22' title='bbox 165 1160 434 1196; x_wconf 90' lang='lat' dir='ltr'>necessarium</span> <span class='ocrx_word' id='word_1_23' title='bbox 469 1160 519 1195; x_wconf 92' lang='lat' dir='ltr'>ad</span> <span class='ocrx_word' id='word_1_24' title='bbox 550 1159 742 1196; x_wconf 85' lang='lat' dir='ltr'>noticiam</span> <span class='ocrx_word' id='word_1_25' title='bbox 776 1159 1186 1208; x_wconf 80' lang='lat' dir='ltr'>predicamentorum,</span> <span class='ocrx_word' id='word_1_26' title='bbox 1221 1173 1311 1197; x_wconf 91' lang='lat' dir='ltr'>cum</span> <span class='ocrx_word' id='word_1_27' title='bbox 1345 1161 1475 1197; x_wconf 92' lang='lat' dir='ltr'>solum</span> <span class='ocrx_word' id='word_1_28' title='bbox 1492 1157 1709 1219; x_wconf 47' lang='grc' dir='ltr'>ῒξξῑῗίῑξέξῑὲξὲῃ</span> <span class='ocrx_word' id='word_1_29' title='bbox 1724 1157 1769 1219; x_wconf 53' lang='lat' dir='ltr'>g,</span> 
     </span>
     <span class='ocr_line' id='line_1_5' title="bbox 132 1200 1742 1267; baseline 0 -14"><span class='ocrx_word' id='word_1_30' title='bbox 132 1216 334 1254; x_wconf 87' lang='lat' dir='ltr'>5univoca</span> <span class='ocrx_word' id='word_1_31' title='bbox 378 1225 468 1253; x_wconf 90' lang='lat' dir='ltr'>sunt</span> <span class='ocrx_word' id='word_1_32' title='bbox 511 1229 656 1265; x_wconf 82' lang='lat' dir='ltr'>genera</span> <span class='ocrx_word' id='word_1_33' title='bbox 698 1218 758 1254; x_wconf 92' lang='lat' dir='ltr'>vel</span> <span class='ocrx_word' id='word_1_34' title='bbox 802 1218 966 1265; x_wconf 89' lang='lat' dir='ltr'>species.</span> <span class='ocrx_word' id='word_1_35' title='bbox 1015 1220 1107 1254; x_wconf 91' lang='lat' dir='ltr'>Ideo</span> <span class='ocrx_word' id='word_1_36' title='bbox 1149 1218 1351 1266; x_wconf 81' lang='lat' dir='ltr'>signanter</span> <span class='ocrx_word' id='word_1_37' title='bbox 1390 1231 1478 1267; x_wconf 89' lang='lat' dir='ltr'>pre·</span> <span class='ocrx_word' id='word_1_38' title='bbox 1515 1200 1742 1266; x_wconf 56' lang='lat' dir='ltr'>ofAristqtlg‘s</span> 
     </span>
     <span class='ocr_line' id='line_1_6' title="bbox 165 1265 1718 1324; baseline 0.002 -14"><span class='ocrx_word' id='word_1_39' title='bbox 165 1274 273 1311; x_wconf 86' lang='lat' dir='ltr'>misit</span> <span class='ocrx_word' id='word_1_40' title='bbox 315 1274 548 1311; x_wconf 87' lang='lat' dir='ltr'>Aristoteles</span> <span class='ocrx_word' id='word_1_41' title='bbox 599 1275 842 1312; x_wconf 85' lang='lat' dir='ltr'>sentenciam</span> <span class='ocrx_word' id='word_1_42' title='bbox 893 1288 1006 1312; x_wconf 87' lang='lat' dir='ltr'>suam</span> <span class='ocrx_word' id='word_1_43' title='bbox 1056 1277 1103 1312; x_wconf 89' lang='lat' dir='ltr'>de</span> <span class='ocrx_word' id='word_1_44' title='bbox 1155 1276 1358 1324; x_wconf 84' lang='lat' dir='ltr'>equivocis</span> <span class='ocrx_word' id='word_1_45' title='bbox 1410 1278 1478 1313; x_wconf 89' lang='lat' dir='ltr'>ab·</span> <span class='ocrx_word' id='word_1_46' title='bbox 1539 1265 1718 1296; x_wconf 74' lang='lat' dir='ltr'>categomes.</span> 
     </span>
     <span class='ocr_line' id='line_1_7' title="bbox 163 1331 1478 1381; baseline 0.002 -13"><span class='ocrx_word' id='word_1_47' title='bbox 163 1331 377 1378; x_wconf 90' lang='lat' dir='ltr'>iciendum,</span> <span class='ocrx_word' id='word_1_48' title='bbox 423 1334 471 1369; x_wconf 92' lang='lat' dir='ltr'>de</span> <span class='ocrx_word' id='word_1_49' title='bbox 508 1332 688 1369; x_wconf 89' lang='lat' dir='ltr'>univocis</span> <span class='ocrx_word' id='word_1_50' title='bbox 721 1333 1018 1369; x_wconf 85' lang='lat' dir='ltr'>remanentibus</span> <span class='ocrx_word' id='word_1_51' title='bbox 1061 1335 1395 1381; x_wconf 86' lang='lat' dir='ltr'>persequendum,</span> <span class='ocrx_word' id='word_1_52' title='bbox 1440 1342 1478 1370; x_wconf 86' lang='lat' dir='ltr'>et</span> 
     </span>
     <span class='ocr_line' id='line_1_8' title="bbox 165 1389 1478 1439; baseline 0.002 -14"><span class='ocrx_word' id='word_1_53' title='bbox 165 1391 213 1426; x_wconf 91' lang='lat' dir='ltr'>de</span> <span class='ocrx_word' id='word_1_54' title='bbox 246 1389 569 1436; x_wconf 84' lang='lat' dir='ltr'>denominativis,</span> <span class='ocrx_word' id='word_1_55' title='bbox 604 1402 680 1439; x_wconf 90' lang='lat' dir='ltr'>que</span> <span class='ocrx_word' id='word_1_56' title='bbox 703 1399 937 1438; x_wconf 89' lang='lat' dir='ltr'>competunt</span> <span class='ocrx_word' id='word_1_57' title='bbox 962 1403 1050 1427; x_wconf 91' lang='lat' dir='ltr'>cum</span> <span class='ocrx_word' id='word_1_58' title='bbox 1075 1403 1218 1439; x_wconf 82' lang='lat' dir='ltr'>genere</span> <span class='ocrx_word' id='word_1_59' title='bbox 1247 1391 1478 1430; x_wconf 84' lang='lat' dir='ltr'>accidentis.</span> 
     </span>
     <span class='ocr_line' id='line_1_9' title="bbox 166 1448 1476 1497; baseline 0.002 -14"><span class='ocrx_word' id='word_1_60' title='bbox 166 1448 266 1483; x_wconf 90' lang='lat' dir='ltr'>Sunt</span> <span class='ocrx_word' id='word_1_61' title='bbox 305 1456 438 1484; x_wconf 90' lang='lat' dir='ltr'>autem</span> <span class='ocrx_word' id='word_1_62' title='bbox 483 1460 544 1484; x_wconf 90' lang='lat' dir='ltr'>res</span> <span class='ocrx_word' id='word_1_63' title='bbox 583 1456 690 1484; x_wconf 86' lang='lat' dir='ltr'>extra</span> <span class='ocrx_word' id='word_1_64' title='bbox 732 1460 966 1485; x_wconf 89' lang='lat' dir='ltr'>communes</span> <span class='ocrx_word' id='word_1_65' title='bbox 998 1448 1166 1485; x_wconf 87' lang='lat' dir='ltr'>univoce</span> <span class='ocrx_word' id='word_1_66' title='bbox 1200 1457 1236 1485; x_wconf 88' lang='lat' dir='ltr'>et</span> <span class='ocrx_word' id='word_1_67' title='bbox 1271 1448 1476 1497; x_wconf 76' lang='lat' dir='ltr'>equivoce,</span> 
     </span>
     <span class='ocr_line' id='line_1_10' title="bbox 110 1504 1476 1554; baseline 0.001 -14"><span class='ocrx_word' id='word_1_68' title='bbox 110 1517 150 1540; x_wconf 90' lang='lat'>10</span> <span class='ocrx_word' id='word_1_69' title='bbox 166 1504 259 1552; x_wconf 90' lang='lat' dir='ltr'>quia</span> <span class='ocrx_word' id='word_1_70' title='bbox 292 1517 412 1541; x_wconf 91' lang='lat' dir='ltr'>omne</span> <span class='ocrx_word' id='word_1_71' title='bbox 458 1505 681 1542; x_wconf 88' lang='lat' dir='ltr'>universale</span> <span class='ocrx_word' id='word_1_72' title='bbox 720 1505 888 1542; x_wconf 87' lang='lat' dir='ltr'>univoce</span> <span class='ocrx_word' id='word_1_73' title='bbox 927 1506 1120 1554; x_wconf 90' lang='lat' dir='ltr'>competit</span> <span class='ocrx_word' id='word_1_74' title='bbox 1164 1505 1244 1542; x_wconf 91' lang='lat' dir='ltr'>suis</span> <span class='ocrx_word' id='word_1_75' title='bbox 1288 1506 1476 1543; x_wconf 89' lang='lat' dir='ltr'>subiectis</span> 
     </span>
     <span class='ocr_line' id='line_1_11' title="bbox 166 1563 1474 1612; baseline 0.002 -14"><span class='ocrx_word' id='word_1_76' title='bbox 166 1571 203 1598; x_wconf 93' lang='lat' dir='ltr'>et</span> <span class='ocrx_word' id='word_1_77' title='bbox 234 1575 305 1610; x_wconf 90' lang='lat' dir='ltr'>per</span> <span class='ocrx_word' id='word_1_78' title='bbox 337 1574 584 1611; x_wconf 89' lang='lat' dir='ltr'>consequens</span> <span class='ocrx_word' id='word_1_79' title='bbox 618 1571 675 1599; x_wconf 92' lang='lat' dir='ltr'>est</span> <span class='ocrx_word' id='word_1_80' title='bbox 708 1564 829 1600; x_wconf 88' lang='lat' dir='ltr'>modo</span> <span class='ocrx_word' id='word_1_81' title='bbox 861 1563 1048 1600; x_wconf 86' lang='lat' dir='ltr'>univoco.</span> <span class='ocrx_word' id='word_1_82' title='bbox 1081 1565 1130 1599; x_wconf 91' lang='lat' dir='ltr'>Et</span> <span class='ocrx_word' id='word_1_83' title='bbox 1152 1564 1258 1600; x_wconf 86' lang='lat' dir='ltr'>ultra</span> <span class='ocrx_word' id='word_1_84' title='bbox 1281 1563 1474 1612; x_wconf 87' lang='lat' dir='ltr'>sequitur,</span> 
     </span>
     <span class='ocr_line' id='line_1_12' title="bbox 165 1620 1477 1668; baseline 0.002 -12"><span class='ocrx_word' id='word_1_85' title='bbox 165 1621 272 1668; x_wconf 91' lang='lat' dir='ltr'>quod</span> <span class='ocrx_word' id='word_1_86' title='bbox 315 1620 365 1656; x_wconf 90' lang='lat' dir='ltr'>sit</span> <span class='ocrx_word' id='word_1_87' title='bbox 408 1620 622 1657; x_wconf 87' lang='lat' dir='ltr'>univocum</span> <span class='ocrx_word' id='word_1_88' title='bbox 669 1622 888 1657; x_wconf 89' lang='lat' dir='ltr'>secundum</span> <span class='ocrx_word' id='word_1_89' title='bbox 933 1622 1052 1658; x_wconf 87' lang='lat' dir='ltr'>talem</span> <span class='ocrx_word' id='word_1_90' title='bbox 1099 1623 1264 1658; x_wconf 84' lang='lat' dir='ltr'>modum</span> <span class='ocrx_word' id='word_1_91' title='bbox 1318 1630 1477 1658; x_wconf 88' lang='lat' dir='ltr'>contra-</span> 
     </span>
     <span class='ocr_line' id='line_1_13' title="bbox 164 1677 1477 1727; baseline 0.002 -14"><span class='ocrx_word' id='word_1_92' title='bbox 164 1677 406 1725; x_wconf 88' lang='lat' dir='ltr'>diccionum,</span> <span class='ocrx_word' id='word_1_93' title='bbox 439 1690 615 1727; x_wconf 88' lang='lat' dir='ltr'>namque</span> <span class='ocrx_word' id='word_1_94' title='bbox 647 1678 846 1715; x_wconf 86' lang='lat' dir='ltr'>claudicat</span> <span class='ocrx_word' id='word_1_95' title='bbox 879 1678 1032 1727; x_wconf 86' lang='lat' dir='ltr'>aliquid</span> <span class='ocrx_word' id='word_1_96' title='bbox 1065 1691 1149 1715; x_wconf 87' lang='lat' dir='ltr'>esse</span> <span class='ocrx_word' id='word_1_97' title='bbox 1180 1680 1292 1725; x_wconf 85' lang='lat' dir='ltr'>bene,</span> <span class='ocrx_word' id='word_1_98' title='bbox 1326 1679 1477 1716; x_wconf 91' lang='lat' dir='ltr'>moveri</span> 
     </span>
     <span class='ocr_line' id='line_1_14' title="bbox 162 1735 1476 1785; baseline 0.001 -13"><span class='ocrx_word' id='word_1_99' title='bbox 162 1735 366 1782; x_wconf 89' lang='lat' dir='ltr'>velociter,</span> <span class='ocrx_word' id='word_1_100' title='bbox 419 1735 551 1773; x_wconf 88' lang='lat' dir='ltr'>vivere</span> <span class='ocrx_word' id='word_1_101' title='bbox 604 1736 908 1784; x_wconf 78' lang='lat' dir='ltr'>delectabiliter,</span> <span class='ocrx_word' id='word_1_102' title='bbox 960 1736 1036 1773; x_wconf 90' lang='lat' dir='ltr'>nisi</span> <span class='ocrx_word' id='word_1_103' title='bbox 1079 1736 1211 1785; x_wconf 89' lang='lat' dir='ltr'>ipsum</span> <span class='ocrx_word' id='word_1_104' title='bbox 1256 1738 1476 1773; x_wconf 88' lang='lat' dir='ltr'>secundum</span> 
     </span>
     <span class='ocr_line' id='line_1_15' title="bbox 110 1793 1475 1840; baseline 0.002 -12"><span class='ocrx_word' id='word_1_105' title='bbox 110 1795 147 1828; x_wconf 90' lang='lat'>15</span> <span class='ocrx_word' id='word_1_106' title='bbox 165 1793 264 1829; x_wconf 88' lang='lat' dir='ltr'>tales</span> <span class='ocrx_word' id='word_1_107' title='bbox 297 1795 439 1830; x_wconf 90' lang='lat' dir='ltr'>modos</span> <span class='ocrx_word' id='word_1_108' title='bbox 472 1793 522 1830; x_wconf 91' lang='lat' dir='ltr'>sit</span> <span class='ocrx_word' id='word_1_109' title='bbox 554 1795 718 1840; x_wconf 87' lang='lat' dir='ltr'>bonum,</span> <span class='ocrx_word' id='word_1_110' title='bbox 750 1795 864 1830; x_wconf 87' lang='lat' dir='ltr'>velox</span> <span class='ocrx_word' id='word_1_111' title='bbox 895 1803 932 1831; x_wconf 92' lang='lat' dir='ltr'>et</span> <span class='ocrx_word' id='word_1_112' title='bbox 956 1795 1170 1831; x_wconf 87' lang='lat' dir='ltr'>delectans.</span> <span class='ocrx_word' id='word_1_113' title='bbox 1205 1794 1345 1831; x_wconf 87' lang='lat' dir='ltr'>Omnis</span> <span class='ocrx_word' id='word_1_114' title='bbox 1369 1794 1475 1831; x_wconf 90' lang='lat' dir='ltr'>enim</span> 
     </span>
     <span class='ocr_line' id='line_1_16' title="bbox 165 1850 1475 1899; baseline 0.001 -12"><span class='ocrx_word' id='word_1_115' title='bbox 165 1850 394 1899; x_wconf 89' lang='lat' dir='ltr'>predicacio</span> <span class='ocrx_word' id='word_1_116' title='bbox 440 1860 629 1888; x_wconf 89' lang='lat' dir='ltr'>concreta</span> <span class='ocrx_word' id='word_1_117' title='bbox 668 1851 888 1888; x_wconf 89' lang='lat' dir='ltr'>accidentis</span> <span class='ocrx_word' id='word_1_118' title='bbox 926 1853 1123 1888; x_wconf 86' lang='lat' dir='ltr'>redundat</span> <span class='ocrx_word' id='word_1_119' title='bbox 1160 1851 1200 1888; x_wconf 93' lang='lat' dir='ltr'>in</span> <span class='ocrx_word' id='word_1_120' title='bbox 1238 1852 1475 1899; x_wconf 87' lang='lat' dir='ltr'>subiectum,</span> 
     </span>
     <span class='ocr_line' id='line_1_17' title="bbox 164 1907 1474 1958; baseline 0.002 -14"><span class='ocrx_word' id='word_1_121' title='bbox 164 1907 254 1945; x_wconf 91' lang='lat' dir='ltr'>ideo</span> <span class='ocrx_word' id='word_1_122' title='bbox 288 1917 440 1945; x_wconf 89' lang='lat' dir='ltr'>certum</span> <span class='ocrx_word' id='word_1_123' title='bbox 465 1917 535 1955; x_wconf 90' lang='lat' dir='ltr'>est,</span> <span class='ocrx_word' id='word_1_124' title='bbox 561 1910 668 1958; x_wconf 90' lang='lat' dir='ltr'>quod</span> <span class='ocrx_word' id='word_1_125' title='bbox 693 1908 916 1958; x_wconf 89' lang='lat' dir='ltr'>descripcio</span> <span class='ocrx_word' id='word_1_126' title='bbox 936 1909 1164 1946; x_wconf 86' lang='lat' dir='ltr'>Aristotelis</span> <span class='ocrx_word' id='word_1_127' title='bbox 1187 1911 1235 1946; x_wconf 91' lang='lat' dir='ltr'>de</span> <span class='ocrx_word' id='word_1_128' title='bbox 1259 1909 1474 1958; x_wconf 85' lang='lat' dir='ltr'>equivocis,</span> 
     </span>
     <span class='ocr_line' id='line_1_18' title="bbox 162 1965 1474 2016; baseline 0.002 -14"><span class='ocrx_word' id='word_1_129' title='bbox 162 1965 342 2003; x_wconf 89' lang='lat' dir='ltr'>univocis</span> <span class='ocrx_word' id='word_1_130' title='bbox 387 1975 424 2003; x_wconf 91' lang='lat' dir='ltr'>et</span> <span class='ocrx_word' id='word_1_131' title='bbox 469 1966 777 2003; x_wconf 88' lang='lat' dir='ltr'>denominativis</span> <span class='ocrx_word' id='word_1_132' title='bbox 822 1976 1016 2004; x_wconf 87' lang='lat' dir='ltr'>consonat</span> <span class='ocrx_word' id='word_1_133' title='bbox 1060 1969 1178 2004; x_wconf 91' lang='lat' dir='ltr'>rebus</span> <span class='ocrx_word' id='word_1_134' title='bbox 1222 1976 1344 2014; x_wconf 84' lang='lat' dir='ltr'>extra,</span> <span class='ocrx_word' id='word_1_135' title='bbox 1397 1980 1474 2016; x_wconf 92' lang='lat' dir='ltr'>que</span> 
     </span>
     <span class='ocr_line' id='line_1_19' title="bbox 163 2023 1475 2073; baseline 0.001 -13"><span class='ocrx_word' id='word_1_136' title='bbox 163 2023 351 2060; x_wconf 87' lang='lat' dir='ltr'>dicuntur</span> <span class='ocrx_word' id='word_1_137' title='bbox 364 2024 557 2073; x_wconf 91' lang='lat' dir='ltr'>equivoca</span> <span class='ocrx_word' id='word_1_138' title='bbox 580 2026 800 2061; x_wconf 90' lang='lat' dir='ltr'>secundum</span> <span class='ocrx_word' id='word_1_139' title='bbox 824 2024 918 2062; x_wconf 91' lang='lat' dir='ltr'>istas</span> <span class='ocrx_word' id='word_1_140' title='bbox 934 2025 1116 2062; x_wconf 89' lang='lat' dir='ltr'>raciones</span> <span class='ocrx_word' id='word_1_141' title='bbox 1131 2034 1168 2062; x_wconf 87' lang='lat' dir='ltr'>et</span> <span class='ocrx_word' id='word_1_142' title='bbox 1184 2034 1475 2073; x_wconf 87' lang='lat' dir='ltr'>consequenter</span> 
     </span>
     <span class='ocr_line' id='line_1_20' title="bbox 108 2081 1473 2129; baseline 0.003 -14"><span class='ocrx_word' id='word_1_143' title='bbox 108 2093 149 2115; x_wconf 87' lang='lat'>20</span> <span class='ocrx_word' id='word_1_144' title='bbox 163 2081 392 2118; x_wconf 88' lang='lat' dir='ltr'>nominibus</span> <span class='ocrx_word' id='word_1_145' title='bbox 424 2094 571 2128; x_wconf 88' lang='lat' dir='ltr'>rerum,</span> <span class='ocrx_word' id='word_1_146' title='bbox 605 2091 648 2118; x_wconf 93' lang='lat' dir='ltr'>ut</span> <span class='ocrx_word' id='word_1_147' title='bbox 680 2082 831 2118; x_wconf 88' lang='lat' dir='ltr'>dictum</span> <span class='ocrx_word' id='word_1_148' title='bbox 865 2091 922 2119; x_wconf 89' lang='lat' dir='ltr'>est</span> <span class='ocrx_word' id='word_1_149' title='bbox 951 2084 999 2119; x_wconf 90' lang='lat' dir='ltr'>de</span> <span class='ocrx_word' id='word_1_150' title='bbox 1031 2082 1347 2129; x_wconf 80' lang='lat' dir='ltr'>universalitate3</span> <span class='ocrx_word' id='word_1_151' title='bbox 1379 2095 1473 2119; x_wconf 91' lang='lat' dir='ltr'>nam</span> 
     </span>
     <span class='ocr_line' id='line_1_21' title="bbox 164 2139 1473 2189; baseline 0.001 -14"><span class='ocrx_word' id='word_1_152' title='bbox 164 2151 225 2175; x_wconf 90' lang='lat' dir='ltr'>res</span> <span class='ocrx_word' id='word_1_153' title='bbox 269 2151 503 2176; x_wconf 89' lang='lat' dir='ltr'>communes</span> <span class='ocrx_word' id='word_1_154' title='bbox 547 2139 806 2188; x_wconf 87' lang='lat' dir='ltr'>predicantur</span> <span class='ocrx_word' id='word_1_155' title='bbox 848 2141 908 2177; x_wconf 91' lang='lat' dir='ltr'>vel</span> <span class='ocrx_word' id='word_1_156' title='bbox 953 2140 1140 2177; x_wconf 87' lang='lat' dir='ltr'>dicuntur</span> <span class='ocrx_word' id='word_1_157' title='bbox 1182 2140 1473 2189; x_wconf 83' lang='lat' dir='ltr'>principaliter,</span> 
     </span>
     <span class='ocr_line' id='line_1_22' title="bbox 165 2196 1474 2247; baseline 0.001 -14"><span class='ocrx_word' id='word_1_158' title='bbox 165 2196 266 2233; x_wconf 92' lang='lat' dir='ltr'>sicut</span> <span class='ocrx_word' id='word_1_159' title='bbox 288 2197 456 2234; x_wconf 89' lang='lat' dir='ltr'>univoce</span> <span class='ocrx_word' id='word_1_160' title='bbox 479 2197 613 2233; x_wconf 88' lang='lat' dir='ltr'>insunt</span> <span class='ocrx_word' id='word_1_161' title='bbox 636 2197 716 2234; x_wconf 89' lang='lat' dir='ltr'>suis</span> <span class='ocrx_word' id='word_1_162' title='bbox 732 2197 937 2244; x_wconf 81' lang='lat' dir='ltr'>subiectis3</span> <span class='ocrx_word' id='word_1_163' title='bbox 964 2211 1058 2246; x_wconf 83' lang='lat' dir='ltr'>ergo</span> <span class='ocrx_word' id='word_1_164' title='bbox 1082 2206 1173 2234; x_wconf 89' lang='lat' dir='ltr'>sunt</span> <span class='ocrx_word' id='word_1_165' title='bbox 1195 2197 1474 2247; x_wconf 87' lang='lat' dir='ltr'>principaliter</span> 
     </span>
     <span class='ocr_line' id='line_1_23' title="bbox 163 2254 1473 2304; baseline 0.001 -13"><span class='ocrx_word' id='word_1_166' title='bbox 163 2254 345 2302; x_wconf 90' lang='lat' dir='ltr'>univoce,</span> <span class='ocrx_word' id='word_1_167' title='bbox 387 2264 436 2301; x_wconf 87' lang='lat' dir='ltr'>et,</span> <span class='ocrx_word' id='word_1_168' title='bbox 473 2256 856 2304; x_wconf 87' lang='lat' dir='ltr'>quomodocumque</span> <span class='ocrx_word' id='word_1_169' title='bbox 888 2256 1102 2292; x_wconf 85' lang='lat' dir='ltr'>alteratum</span> <span class='ocrx_word' id='word_1_170' title='bbox 1135 2255 1267 2303; x_wconf 88' lang='lat' dir='ltr'>fuerit,</span> <span class='ocrx_word' id='word_1_171' title='bbox 1320 2264 1473 2293; x_wconf 90' lang='lat' dir='ltr'>certum</span> 
     </span>
     <span class='ocr_line' id='line_1_24' title="bbox 164 2313 1473 2362; baseline 0.002 -14"><span class='ocrx_word' id='word_1_172' title='bbox 164 2320 233 2358; x_wconf 91' lang='lat' dir='ltr'>est,</span> <span class='ocrx_word' id='word_1_173' title='bbox 275 2313 382 2361; x_wconf 91' lang='lat' dir='ltr'>quod</span> <span class='ocrx_word' id='word_1_174' title='bbox 426 2321 483 2349; x_wconf 92' lang='lat' dir='ltr'>est</span> <span class='ocrx_word' id='word_1_175' title='bbox 517 2314 612 2349; x_wconf 90' lang='lat' dir='ltr'>dare</span> <span class='ocrx_word' id='word_1_176' title='bbox 644 2325 705 2349; x_wconf 89' lang='lat' dir='ltr'>res</span> <span class='ocrx_word' id='word_1_177' title='bbox 748 2314 797 2349; x_wconf 89' lang='lat' dir='ltr'>ad</span> <span class='ocrx_word' id='word_1_178' title='bbox 833 2322 953 2360; x_wconf 84' lang='lat' dir='ltr'>extra,</span> <span class='ocrx_word' id='word_1_179' title='bbox 990 2326 1159 2362; x_wconf 89' lang='lat' dir='ltr'>quarum</span> <span class='ocrx_word' id='word_1_180' title='bbox 1196 2313 1329 2362; x_wconf 89' lang='lat' dir='ltr'>alique</span> <span class='ocrx_word' id='word_1_181' title='bbox 1365 2313 1473 2362; x_wconf 90' lang='lat' dir='ltr'>equi-</span> 
     </span>
     <span class='ocr_line' id='line_1_25' title="bbox 107 2370 1471 2421; baseline 0.002 -16"><span class='ocrx_word' id='word_1_182' title='bbox 107 2371 272 2421; x_wconf 87' lang='lat' dir='ltr'>25voce‚</span> <span class='ocrx_word' id='word_1_183' title='bbox 304 2370 437 2419; x_wconf 88' lang='lat' dir='ltr'>alique</span> <span class='ocrx_word' id='word_1_184' title='bbox 470 2370 638 2407; x_wconf 89' lang='lat' dir='ltr'>univoce</span> <span class='ocrx_word' id='word_1_185' title='bbox 671 2379 707 2407; x_wconf 89' lang='lat' dir='ltr'>et</span> <span class='ocrx_word' id='word_1_186' title='bbox 739 2370 871 2419; x_wconf 90' lang='lat' dir='ltr'>alique</span> <span class='ocrx_word' id='word_1_187' title='bbox 904 2371 1203 2408; x_wconf 87' lang='lat' dir='ltr'>denominative</span> <span class='ocrx_word' id='word_1_188' title='bbox 1236 2380 1471 2420; x_wconf 89' lang='lat' dir='ltr'>competunt</span> 
     </span>
     <span class='ocr_line' id='line_1_26' title="bbox 162 2426 1472 2478; baseline 0.002 -14"><span class='ocrx_word' id='word_1_189' title='bbox 162 2426 369 2474; x_wconf 84' lang='lat' dir='ltr'>subiectis3</span> <span class='ocrx_word' id='word_1_190' title='bbox 414 2437 452 2464; x_wconf 91' lang='lat' dir='ltr'>et</span> <span class='ocrx_word' id='word_1_191' title='bbox 495 2427 560 2464; x_wconf 87' lang='lat' dir='ltr'>ille</span> <span class='ocrx_word' id='word_1_192' title='bbox 604 2437 885 2477; x_wconf 85' lang='lat' dir='ltr'>supponuntur</span> <span class='ocrx_word' id='word_1_193' title='bbox 929 2441 1013 2465; x_wconf 90' lang='lat' dir='ltr'>esse</span> <span class='ocrx_word' id='word_1_194' title='bbox 1052 2428 1257 2478; x_wconf 74' lang='lat' dir='ltr'>equivoca,</span> <span class='ocrx_word' id='word_1_195' title='bbox 1302 2428 1472 2466; x_wconf 88' lang='lat' dir='ltr'>univoca</span> 
     </span>
     <span class='ocr_line' id='line_1_27' title="bbox 162 2485 1472 2535; baseline 0.002 -14"><span class='ocrx_word' id='word_1_196' title='bbox 162 2493 199 2522; x_wconf 89' lang='lat' dir='ltr'>et</span> <span class='ocrx_word' id='word_1_197' title='bbox 231 2485 540 2531; x_wconf 90' lang='lat' dir='ltr'>denominativa,</span> <span class='ocrx_word' id='word_1_198' title='bbox 581 2494 618 2522; x_wconf 91' lang='lat' dir='ltr'>et</span> <span class='ocrx_word' id='word_1_199' title='bbox 655 2495 943 2535; x_wconf 87' lang='lat' dir='ltr'>consequenter</span> <span class='ocrx_word' id='word_1_200' title='bbox 974 2486 1135 2523; x_wconf 87' lang='lat' dir='ltr'>racione</span> <span class='ocrx_word' id='word_1_201' title='bbox 1166 2486 1327 2523; x_wconf 88' lang='lat' dir='ltr'>illorum</span> <span class='ocrx_word' id='word_1_202' title='bbox 1360 2486 1472 2535; x_wconf 89' lang='lat' dir='ltr'>signa</span> 
     </span>
     <span class='ocr_line' id='line_1_28' title="bbox 163 2542 1148 2592; baseline 0.004 -14"><span class='ocrx_word' id='word_1_203' title='bbox 163 2542 351 2579; x_wconf 90' lang='lat' dir='ltr'>dicuntur</span> <span class='ocrx_word' id='word_1_204' title='bbox 381 2543 641 2580; x_wconf 88' lang='lat' dir='ltr'>similitudine</span> <span class='ocrx_word' id='word_1_205' title='bbox 673 2544 865 2592; x_wconf 89' lang='lat' dir='ltr'>equivoca</span> <span class='ocrx_word' id='word_1_206' title='bbox 898 2553 935 2581; x_wconf 91' lang='lat' dir='ltr'>et</span> <span class='ocrx_word' id='word_1_207' title='bbox 966 2543 1148 2583; x_wconf 89' lang='lat' dir='ltr'>univoca.</span> 
     </span>
     <span class='ocr_line' id='line_1_29' title="bbox 221 2600 1763 2651; baseline 0 -15"><span class='ocrx_word' id='word_1_208' title='bbox 221 2601 313 2637; x_wconf 88' lang='lat' dir='ltr'>Ideo</span> <span class='ocrx_word' id='word_1_209' title='bbox 345 2601 445 2637; x_wconf 91' lang='lat' dir='ltr'>solet</span> <span class='ocrx_word' id='word_1_210' title='bbox 477 2600 568 2648; x_wconf 88' lang='lat' dir='ltr'>dici,</span> <span class='ocrx_word' id='word_1_211' title='bbox 608 2603 716 2649; x_wconf 91' lang='lat' dir='ltr'>quod</span> <span class='ocrx_word' id='word_1_212' title='bbox 748 2602 893 2650; x_wconf 86' lang='lat' dir='ltr'>duplex</span> <span class='ocrx_word' id='word_1_213' title='bbox 925 2610 982 2638; x_wconf 90' lang='lat' dir='ltr'>est</span> <span class='ocrx_word' id='word_1_214' title='bbox 1013 2602 1265 2651; x_wconf 88' lang='lat' dir='ltr'>equivocum,</span> <span class='ocrx_word' id='word_1_215' title='bbox 1318 2602 1470 2639; x_wconf 90' lang='lat' dir='ltr'>scilicet</span> <span class='ocrx_word' id='word_1_216' title='bbox 1501 2608 1580 2636; x_wconf 89' lang='lat' dir='ltr'>Two</span> <span class='ocrx_word' id='word_1_217' title='bbox 1601 2609 1691 2638; x_wconf 82' lang='lat' dir='ltr'>kinds</span> <span class='ocrx_word' id='word_1_218' title='bbox 1727 2610 1763 2639; x_wconf 88' lang='lat' dir='ltr'>of</span> 
     </span>
    </p>
   </div>
   <div class='ocr_carea' id='block_1_3' title="bbox 109 2651 1706 2709">
    <p class='ocr_par' dir='ltr' id='par_1_3' title="bbox 109 2651 1706 2709">
     <span class='ocr_line' id='line_1_30' title="bbox 109 2651 1706 2709; baseline 0.002 -15"><span class='ocrx_word' id='word_1_219' title='bbox 109 2658 150 2691; x_wconf 83' lang='lat'>30</span> <span class='ocrx_word' id='word_1_220' title='bbox 165 2657 401 2706; x_wconf 88' lang='lat' dir='ltr'>equivocum</span> <span class='ocrx_word' id='word_1_221' title='bbox 461 2658 714 2708; x_wconf 88' lang='lat' dir='ltr'>equivocans,</span> <span class='ocrx_word' id='word_1_222' title='bbox 777 2668 814 2696; x_wconf 87' lang='lat' dir='ltr'>et</span> <span class='ocrx_word' id='word_1_223' title='bbox 875 2659 1111 2708; x_wconf 87' lang='lat' dir='ltr'>equivocum</span> <span class='ocrx_word' id='word_1_224' title='bbox 1175 2660 1470 2709; x_wconf 87' lang='lat' dir='ltr'>equivocatum.</span> <span class='ocrx_word' id='word_1_225' title='bbox 1528 2651 1706 2681; x_wconf 76' lang='lat' dir='ltr'>aeqmvoca.</span> 
     </span>
    </p>
   </div>
   <div class='ocr_carea' id='block_1_4' title="bbox 233 2816 1058 2861">
    <p class='ocr_par' dir='ltr' id='par_1_4' title="bbox 233 2816 1058 2861">
     <span class='ocr_line' id='line_1_31' title="bbox 233 2816 1058 2861; baseline 0 -10"><span class='ocrx_word' id='word_1_226' title='bbox 233 2816 264 2851; x_wconf 84' lang='lat'>6.</span> <span class='ocrx_word' id='word_1_227' title='bbox 291 2818 431 2851; x_wconf 85' lang='lat' dir='ltr'>Aristot.</span> <span class='ocrx_word' id='word_1_228' title='bbox 459 2818 531 2851; x_wconf 86' lang='lat' dir='ltr'>Cat.</span> <span class='ocrx_word' id='word_1_229' title='bbox 558 2819 569 2850; x_wconf 95' lang='lat' dir='ltr'>I</span> <span class='ocrx_word' id='word_1_230' title='bbox 597 2824 630 2851; x_wconf 86' lang='lat' dir='ltr'>et</span> <span class='ocrx_word' id='word_1_231' title='bbox 656 2828 672 2850; x_wconf 91' lang='lat'><strong>2</strong></span> <span class='ocrx_word' id='word_1_232' title='bbox 700 2818 783 2860; x_wconf 85' lang='lat' dir='ltr'>(Ed.</span> <span class='ocrx_word' id='word_1_233' title='bbox 810 2820 894 2851; x_wconf 81' lang='lat' dir='ltr'>Par.</span> <span class='ocrx_word' id='word_1_234' title='bbox 921 2818 939 2850; x_wconf 96' lang='lat' dir='ltr'><em>I</em></span> <span class='ocrx_word' id='word_1_235' title='bbox 962 2821 989 2859; x_wconf 86' lang='lat'>1,</span> <span class='ocrx_word' id='word_1_236' title='bbox 1015 2820 1058 2861; x_wconf 84' lang='lat'>1).</span> 
     </span>
    </p>
   </div>
  </div>
 </body>
</html>
