2056 3234
176 834 213 854 10

175 1123 209 1144 13

169 1412 209 1432 ‘³0

76 1458 209 1490 F.218‘

167 1980 207 2012 30
223 1974 345 2020 ciam3
389 1976 504 2020 Ymo,
551 1987 641 2011 cum
687 1975 816 2011 omnis
861 1984 993 2012 motus
1026 1975 1123 2012 dicit
1155 1977 1382 2024 passionem
1417 1978 1513 2015 moti

164 2268 203 2302 35

234 188 323 217 CAP.
344 188 424 217 XIII.
580 192 638 223 DE
665 191 787 223 ENTE
815 191 1234 224 PREDICAMENTALI.

233 297 327 346 quia
355 309 440 333 non
484 305 541 333 est
586 298 633 333 de
679 310 822 345 genere
868 297 996 333 forme
1042 297 1298 334 materialiter
1339 299 1540 336 causantis

232 355 342 391 illum
377 362 546 391 motum.
580 357 628 391 Et
661 357 787 392 multo
812 355 937 403 magis
969 355 1080 392 accio
1111 357 1171 392 vel
1204 364 1350 402 motus,
1384 356 1477 405 quia
1508 358 1542 393 si

231 426 311 449 non
344 421 474 460 potest
506 425 667 449 manere
698 413 739 450 in
772 414 848 450 fine
873 422 1016 461 motus,
1049 427 1129 450 non
1162 414 1350 451 terminat
1384 424 1537 451 motum

230 470 356 507 illum.
390 472 438 506 Et
462 471 532 507 hec
562 479 619 506 est
645 471 766 517 racio,
799 484 921 519 quare
944 473 1072 507 solum
1096 472 1310 519 qualitates
1333 473 1538 509 sensibiles

231 530 278 564 de
310 528 433 564 tercia
466 528 598 576 specie
631 529 836 576 qualitatis
875 538 965 565 sunt
999 529 1166 565 materia
1200 530 1361 578 proprie
1395 531 1538 567 altera-

230 586 365 632 cionis‚
391 594 433 621 ut
457 587 632 622 declarat
654 586 887 623 Aristoteles
913 592 955 634 70
980 587 1242 634 Phisicorum,
1268 588 1444 635 capitulo
1468 593 1536 634 403

230 643 515 691 disposiciones
550 656 723 691 namque
756 646 1014 692 precedentes
1055 645 1216 681 habitus
1249 654 1341 682 sunt
1374 646 1537 683 alterius

229 701 401 737 racionis
434 714 554 749 quam
589 701 760 747 habitus,
802 702 902 738 sicut
937 702 1074 749 figure,
1119 703 1263 750 quibus
1309 704 1537 752 adquiritur

229 758 369 794 ultima
403 759 542 806 figura.
586 760 646 794 Ad
680 760 777 795 tales
810 772 903 807 ergo
938 760 1165 808 qualitates,
1213 773 1289 809 que
1321 774 1401 797 non
1444 775 1536 798 con—

228 816 371 852 sistunt
410 816 450 852 in
488 816 699 852 latitudine
738 818 798 853 vel
837 826 928 853 sunt
967 818 1015 853 ad
1060 817 1211 866 aliquid
1245 819 1304 855 vel
1349 832 1426 867 que
1470 822 1532 856 ad-

229 874 442 922 quiruntur
474 883 764 922 consequenter
796 877 845 911 ad
868 875 1130 912 alteraciones
1153 876 1370 923 sensibiles,
1405 877 1537 914 cuius-

228 932 337 968 modi
376 940 467 968 sunt
505 933 709 968 naturales
748 933 932 980 potencie
974 942 1010 969 et
1049 946 1188 970 omnes
1234 934 1448 981 qualitates
1487 937 1535 972 de

227 989 349 1025 tercia
382 989 512 1037 specie
544 990 761 1038 qualitatis,
795 1003 875 1027 non
906 999 997 1027 sunt
1029 1004 1099 1039 per
1121 1003 1161 1028 se
1190 991 1356 1028 materie
1389 1002 1535 1030 motus.

285 1047 489 1095 Contingit
511 1056 644 1084 autem
670 1056 802 1085 motus
826 1048 1074 1085 insensibiles
1107 1058 1143 1086 et
1175 1062 1257 1085 non
1287 1062 1379 1087 vere
1412 1051 1536 1087 conti-

197 1112 339 1150 'nuos,
384 1107 451 1141 sed
495 1105 758 1154 interpolatos
803 1106 887 1142 fieri
932 1108 982 1143 ad
1026 1107 1123 1143 alias
1162 1107 1388 1156 qualitates.
1433 1111 1535 1146 Ymo

226 1171 285 1199 tot
328 1172 420 1199 sunt
464 1175 609 1211 genera
655 1173 837 1200 motuum
883 1165 991 1212 large
1035 1165 1253 1213 loquendo,
1303 1174 1400 1214 quot
1443 1176 1535 1203 sunt

225 1233 371 1268 genera
404 1221 561 1258 encium
595 1233 665 1269 per
697 1234 737 1258 se
769 1221 809 1257 in
844 1222 1159 1269 predicamento,
1193 1231 1235 1259 ut
1267 1232 1378 1271 patet
1409 1225 1534 1261 tercio

226 1278 476 1315 Phisicorum
505 1280 559 1315 50.
594 1281 694 1316 Nam
727 1292 846 1316 omne
879 1280 1064 1317 accidens
1097 1280 1192 1317 dicit
1225 1281 1533 1319 mutabilitatem

224 1335 405 1382 subiecti,
441 1337 513 1373 etsi
547 1350 627 1373 non
658 1347 865 1374 moveatur
894 1350 964 1386 per
996 1338 1284 1387 cuiuscumque
1316 1339 1534 1377 accidentis

224 1393 431 1441 respectivi
481 1394 812 1443 adquisicionem.
871 1398 983 1432 Patet
1042 1408 1147 1444 ergo,
1200 1398 1307 1445 quod
1350 1410 1432 1434 non
1477 1407 1534 1435 est

225 1465 392 1499 magnus
416 1453 537 1498 color,
562 1453 592 1489 si
617 1455 722 1489 Deus
746 1453 888 1501 recipit
916 1450 920 1506 Ι
950 1454 1170 1502 agenciam,
1195 1467 1272 1502 que
1296 1463 1353 1491 est
1384 1456 1532 1493 relacio

223 1509 410 1557 racionis,
456 1512 562 1559 quod
610 1510 748 1547 exinde
794 1520 1013 1558 moveatur,
1059 1525 1149 1548 cum
1193 1512 1273 1558 illa,
1319 1525 1394 1561 que
1440 1523 1532 1550 sunt

223 1576 330 1605 extra
362 1580 484 1616 genus
517 1568 741 1614 relacionis,
786 1578 954 1617 possunt
998 1569 1157 1618 adquiri
1202 1572 1286 1606 Deo
1330 1571 1415 1608 sine
1459 1585 1531 1608 sua

223 1626 442 1672 movencia,
477 1639 555 1675 quo
600 1626 746 1663 relacio
780 1639 850 1675 per
888 1640 928 1664 se
960 1627 999 1663 in
1032 1640 1174 1675 genere
1207 1637 1339 1676 potest
1371 1629 1531 1678 adquiri

223 1683 361 1720 mobili
404 1683 487 1721 sine
532 1685 620 1731 hoc,
665 1686 771 1733 quod
815 1685 945 1733 ipsum
992 1694 1199 1723 moveatur
1244 1687 1293 1722 ad
1325 1686 1429 1723 illius
1463 1689 1532 1724 ad-

223 1741 501 1790 quisicionem,
546 1742 636 1779 licet
680 1743 885 1791 contingat
929 1743 1080 1780 moveri
1124 1756 1194 1792 per
1238 1744 1321 1781 eius
1354 1745 1531 1794 adquisi-

221 1799 390 1838 cionem.

278 1860 339 1894 Ad
372 1867 559 1907 quartum
593 1868 701 1906 patet
725 1871 767 1895 ex
792 1858 920 1906 dictis,
955 1861 1061 1907 quod
1084 1872 1165 1896 non
1198 1860 1377 1909 sequitur
1410 1874 1530 1910 agens

223 1928 381 1953 movere
413 1929 453 1952 se
485 1926 553 1953 aut
585 1917 680 1965 pati,
714 1917 804 1954 licet
826 1917 945 1954 faciat
968 1917 1042 1953 sibi
1074 1917 1202 1954 inesse
1233 1932 1378 1956 novam
1412 1932 1529 1968 agen-

1753 197 1819 223 121

1585 1868 1727 1896 Solution
1748 1870 1783 1897 of

1572 1903 1617 1936 4th
1636 1902 1789 1938 objection

1585 1938 1633 1971 (cf.
1656 1946 1684 1973 p.
1708 1941 1781 1974 104).

1543 1971 1637 2000 From
1659 1974 1742 2001 what
1763 1976 1816 2002 has

1518 2009 1527 2025 ²
1579 2007 1654 2035 been
1674 2009 1739 2036 said
1761 2009 1783 2036 it

220 2032 372 2069 illatam
406 2034 454 2069 ab
487 2032 652 2080 agencia
685 2033 872 2070 distincta
905 2033 1013 2070 iuxta
1046 2033 1165 2080 dicta,
1198 2036 1362 2082 planum
1397 2045 1454 2073 est
1486 2049 1530 2073 ex
1543 2049 1674 2077 appears
1694 2045 1758 2071 that
1778 2052 1815 2071 an

1575 2083 1787 2147 bssigffitanhaeyw

221 2089 311 2135 illis,
360 2091 468 2138 quod
508 2099 702 2138 repugnat
741 2090 890 2139 aliquid
924 2091 1086 2137 moveri,
1132 2091 1206 2128 nisi
1245 2094 1294 2129 ab
1333 2093 1411 2130 alio
1445 2107 1529 2131 mo-

219 2156 370 2194 veatur,
410 2156 453 2184 ut
486 2148 517 2184 si
550 2148 696 2184 mobile
729 2148 778 2185 sit
811 2149 915 2185 mole
949 2162 1153 2200 magnum,
1185 2149 1287 2187 sicut
1320 2160 1376 2188 est
1408 2164 1528 2189 omne

1542 2147 1645 2174 activit

1543 2181 1642 2209 himse

1647 2156 1671 2210 Vs

1684 2148 1816 2188 without

1687 2191 1815 2219 movmg

221 2205 381 2253 proprie
414 2206 573 2253 mobile,
605 2215 699 2242 tunc
724 2215 905 2243 movetur
928 2220 949 2243 a
972 2206 1151 2255 partibus
1179 2216 1261 2244 tam
1286 2209 1527 2257 qualitatiV1s
1570 2225 1606 2244 or
1626 2218 1785 2254 suffering.

222 2276 342 2311 quam
376 2263 649 2311 quantitativis
674 2273 710 2300 et
733 2266 781 2300 ab
813 2264 1033 2301 extrinseco
1057 2274 1243 2302 movente
1264 2267 1324 2302 vel
1356 2267 1528 2304 finaliter

188 2348 191 2350 -
221 2330 416 2367 movente,
441 2330 477 2357 et
501 2323 550 2357 ad
573 2322 741 2367 nullum,
766 2321 796 2358 si
820 2322 970 2371 aliquid
1004 2332 1210 2360 moveatur
1240 2325 1300 2360 vel
1332 2324 1527 2362 divisibile

219 2379 279 2415 vel
311 2379 561 2425 indivisibile,
586 2388 757 2427 oportet,
782 2381 889 2428 quod
913 2389 1096 2417 movetur
1127 2394 1149 2418 a
1181 2381 1258 2418 fine
1292 2382 1525 2420 extrinseco.

276 2437 377 2473 Huic
409 2445 544 2473 tamen
576 2450 656 2473 non
680 2446 889 2485 repugnat,
914 2440 1021 2487 quod
1054 2438 1207 2487 aliquid
1241 2449 1449 2477 moveatur
1482 2453 1524 2478 ex

219 2506 271 2539 se,
315 2504 358 2531 ut
402 2494 615 2541 racionale,
661 2497 767 2544 quod
812 2505 942 2544 potest
988 2508 1031 2532 ex
1074 2509 1115 2533 se
1158 2497 1325 2535 iniciare
1369 2507 1522 2536 motum

286 2649 310 2668 2.
333 2642 407 2702 silin
427 2642 493 2669 cod.
515 2642 654 2669 omissum
675 2643 790 2670 addidi.
863 2642 905 2671 35.
927 2643 1100 2671 extrinseco
1121 2646 1272 2679 movente]
1293 2646 1360 2672 cod.
1374 2655 1384 2672 .·
1409 2646 1522 2674 extrin-

217 2684 286 2703 seco
307 2684 357 2703 mo
373 2682 448 2703 ente.

287 2758 318 2790 6.
362 2759 414 2800 Cf.
452 2760 554 2790 Arist.
592 2761 667 2791 Nat.
705 2761 809 2792 Ausc.
835 2761 894 2792 Vll
931 2771 964 2802 4,
1002 2772 1011 2792 1
1051 2769 1083 2793 et
1120 2772 1220 2804 seqq.
1258 2762 1338 2802 (Ed.
1367 2763 1453 2796 Par.
1484 2764 1525 2796 II

178 2825 182 2827 >
220 2805 299 2834 330
324 2804 402 2847 sq.).
