2056 3234
268 736 526 788 CAPUT
563 734 1009 787 VICESIMUM
1047 733 1451 784 ALTERUM.

260 891 357 925 Item
405 900 448 924 ex
492 887 654 924 racione
698 886 933 922 universalis
978 895 1089 922 actus
1128 884 1334 921 intrinseci
1379 893 1509 932 potest
1540 896 1631 924 Time
1652 900 1734 923 must
1754 896 1789 922 be

203 948 312 994 loyce
340 945 497 992 deduci,
531 946 638 993 quod
668 954 724 980 est
758 946 852 980 dare
886 944 1155 980 extensionem
1178 943 1370 991 temporis
1402 943 1508 978 ultra
1567 931 1759 1002 bgssbennddisse

203 1016 363 1052 presens
407 1003 571 1039 instans.
625 1005 726 1038 Nam
771 1001 979 1050 quodlibet
1022 1002 1186 1037 verbum
1238 1002 1286 1037 de
1333 999 1507 1048 presenti
1529 1001 1801 1049 presentinstant,

171 1066 393 1098 §connotat
428 1061 701 1097 indifferenter
740 1072 858 1096 omne
890 1069 1046 1107 tempus
1086 1058 1322 1106 preteritum
1356 1058 1417 1094 vel
1448 1058 1507 1093 fu-
1529 1035 1794 1105 ὶιτῖνιιὸειῐῗέἰιῖιῗοεῖξ

202 1129 350 1165 turum,
401 1128 438 1155 et
487 1131 557 1167 per
601 1130 849 1165 consequens
899 1126 983 1153 tota
1033 1116 1263 1165 proposicio
1307 1115 1507 1163 significat
1528 1108 1558 1130 to
1580 1105 1701 1139 general
1723 1109 1797 1131 acts.

203 1178 407 1225 complexe
445 1185 482 1213 et
515 1175 775 1224 compositive
813 1188 885 1223 pro
917 1187 1175 1223 quocumque
1206 1183 1386 1221 tempore
1418 1185 1507 1221 pre-

203 1235 319 1271 terito
341 1235 402 1271 vel
424 1235 570 1270 futuro.
605 1232 908 1281 Consequencia
941 1232 1181 1280 supponitur
1203 1244 1247 1267 ex
1275 1233 1363 1277 hoc,
1397 1232 1505 1279 quod

203 1293 378 1341 quelibet
410 1291 640 1340 proposicio
672 1291 871 1339 significat
904 1291 1109 1338 complexe
1140 1288 1509 1337 proporcionaliter

151 1352 253 1387 mad
291 1350 608 1398 significaciones
647 1362 809 1385 suorum
852 1357 1139 1394 extremorum3
1185 1356 1222 1383 et
1269 1348 1509 1383 antecedens

203 1410 396 1457 probatur
426 1407 649 1456 tripliciter.

262 1466 395 1503 Primo
433 1465 506 1502 sic:
547 1465 661 1501 aliter
692 1473 944 1512 sequeretur:
990 1463 1065 1499 ista
1104 1475 1165 1498 res
1198 1470 1268 1508 est,
1309 1474 1401 1509 ergo
1434 1461 1509 1497 ista
1580 1462 1747 1490 Threefold

204 1537 264 1561 res
296 1524 337 1560 in
369 1524 445 1560 hoc
464 1522 629 1559 instanti
653 1531 709 1558 est
732 1534 792 1568 eo,
825 1523 934 1570 quod
957 1522 1194 1557 antecedens
1215 1520 1294 1556 iam
1317 1519 1509 1567 primarie
1528 1532 1551 1560 I.
1572 1498 1799 1567 a)p({‘t³i,³{}wise

203 1582 400 1630 significat
432 1581 549 1617 istam
585 1593 668 1617 rem
698 1580 739 1616 in
773 1581 848 1616 hoc
880 1579 1043 1615 instanti
1081 1590 1177 1624 esse,
1218 1590 1308 1614 cum
1341 1578 1506 1613 verbum
1528 1568 1613 1629 muas'ss
1631 1567 1797 1629 tilgaitnisthis

148 1640 308 1676 15iuxta
345 1639 461 1675 istam
499 1638 603 1675 viam
645 1639 773 1674 solum
813 1639 888 1673 hoc
920 1637 1072 1673 instans
1105 1644 1294 1672 connotat
1326 1648 1398 1682 pro
1432 1635 1507 1670 hoc
1528 1637 1796 1699 pgbscinztoigiiaerit'

200 1697 377 1743 instanti,
417 1696 511 1745 quia
549 1698 641 1732 data
677 1695 893 1732 universali
932 1693 1224 1731 connotacione
1269 1700 1506 1729 connotaret
1531 1706 1663 1733 instants
1683 1706 1786 1733 would

200 1754 467 1792 communiter
489 1766 607 1791 omne
630 1753 796 1800 instans,
831 1762 868 1789 et
899 1753 968 1799 sic,
1002 1753 1107 1800 quod
1133 1760 1253 1795 esset;
1287 1751 1395 1798 quod
1424 1763 1505 1785 non
1526 1741 1561 1767 be
1581 1745 1705 1803 Psssffigt
1721 1741 1796 1768 with

200 1823 257 1849 est
294 1812 540 1861 impossibile
578 1811 742 1860 aliquod
781 1811 934 1847 instans
971 1818 1104 1858 preter
1144 1810 1219 1845 hoc
1257 1820 1354 1854 esse,
1396 1807 1504 1856 quia,
1690 1798 1695 1803 ’

198 1871 230 1907 si
269 1872 299 1907 B
337 1870 489 1907 instans
526 1878 657 1918 potest
695 1881 790 1914 esse,
838 1877 934 1904 tunc
972 1870 1001 1904 B
1040 1867 1192 1903 instans
1230 1874 1360 1914 potest
1396 1877 1504 1901 nunc

143 1942 184 1963 20
199 1941 296 1975 esse,
335 1937 386 1975 et,
425 1928 457 1965 si
490 1927 684 1976 quidlibet
723 1926 916 1975 inciperet
956 1934 992 1962 et
1025 1925 1222 1961 desineret
1262 1935 1357 1969 esse,
1402 1922 1504 1958 sicut

198 1986 346 2034 incepit
379 1995 416 2022 et
447 1985 591 2022 desinit
623 1997 707 2021 esse
738 1984 779 2020 in
811 1986 886 2020 hoc
918 1982 1097 2028 instanti,
1131 1990 1169 2018 et
1191 1982 1246 2017 ita
1278 1980 1503 2029 significant

197 2043 512 2093 proposiciones‚
557 2056 648 2079 cum
693 2043 768 2078 hoc
807 2043 971 2078 verbum
1012 2042 1100 2076 ‘est'
1133 2040 1194 2075 vel
1233 2040 1346 2075 ‘esse'
1384 2037 1504 2085 signi-

199 2102 291 2139 ficat
322 2101 555 2150 simpliciter
587 2113 658 2149 pro
691 2101 766 2136 hoc
799 2098 977 2146 instanti,
1011 2107 1054 2134 ut
1088 2097 1183 2133 dicit
1216 2095 1436 2144 responsio.

256 2162 352 2196 Item
381 2169 476 2196 tunc
504 2172 584 2196 non
608 2167 708 2194 esset
731 2157 930 2206 possibile,
961 2157 1069 2204 quod
1091 2167 1248 2203 semper
1272 2162 1329 2190 est
1350 2153 1502 2189 instans
1540 2157 1566 2192 b)
1587 2158 1636 2184 All
1656 2158 1776 2197 species

142 2219 257 2254 25ve1
290 2217 397 2254 aliud
430 2216 709 2265 corruptibile:
748 2224 847 2261 tum,
888 2214 982 2263 quia
1013 2213 1069 2250 sic
1101 2225 1258 2261 semper
1291 2220 1392 2248 esset
1424 2211 1502 2247 tale
1529 2192 1781 2261 acnodmssrgsveedrsglfs

197 2276 237 2312 in
276 2277 352 2312 hoc
389 2275 564 2321 instanti,
603 2283 686 2310 tum
728 2273 868 2319 eciam,
909 2272 1003 2320 quia
1035 2284 1106 2319 per
1136 2270 1242 2306 idem
1276 2268 1500 2305 necessario
1558 2262 1747 2324 iffiriivsiiiffii}

199 2332 255 2370 est
287 2333 453 2379 instans,
487 2342 524 2369 et
547 2334 594 2368 de
624 2331 800 2380 qualibet
830 2330 1005 2379 perfecta
1038 2328 1168 2377 specie
1202 2327 1365 2375 aliquod
1398 2326 1501 2362 indi·
1524 2331 1626 2358 would
1646 2339 1734 2370 cease
1753 2336 1783 2358 to

197 2391 360 2428 viduum
394 2389 664 2439 corruptibile,
698 2390 806 2437 quod
838 2397 974 2424 tamen
1006 2394 1204 2434 repugnat
1236 2384 1498 2432 responsioni,
1606 2370 1693 2392 ex1st.

199 2462 289 2485 cum
322 2462 441 2485 omne
472 2449 636 2485 verbum
671 2449 718 2483 de
749 2445 924 2495 presenti
954 2444 1150 2481 limitatur
1182 2441 1418 2491 simpliciter
1449 2443 1499 2478 ad

143 2512 184 2543 30
199 2508 497 2544 connotandum
535 2507 611 2542 hoc
649 2505 814 2551 instans,
853 2512 890 2540 et
926 2511 1011 2539 tota
1042 2500 1271 2550 proposicio
1302 2499 1500 2547 significat

199 2564 562 2613 proporcionaliter
577 2564 626 2600 ad
648 2562 757 2599 illam
779 2560 1132 2606 connotacionern3
1156 2567 1194 2595 et
1208 2567 1303 2594 tunc
1325 2557 1501 2605 perirent

199 2635 338 2659 omnes
370 2621 736 2667 denominaciones,
775 2618 981 2668 potissime
1020 2630 1110 2654 cum
1145 2624 1236 2652 sunt
1264 2617 1312 2652 de
1343 2615 1500 2651 univer-

199 2680 347 2717 salibus
404 2679 642 2716 habentibus
691 2676 900 2726 supposita
951 2674 1243 2723 corruptibilia,
1295 2681 1339 2708 ut
1390 2680 1501 2720 patet

200 2738 461 2775 discurrendo
493 2749 563 2786 per
596 2734 949 2772 denominaciones
983 2731 1287 2769 mathematicas
1320 2739 1357 2766 et
1389 2738 1503 2766 natu-

143 2797 314 2842 35‘rales‚
348 2808 424 2844 que
456 2803 546 2831 sunt
579 2796 626 2830 de
658 2793 735 2829 dici
770 2794 816 2829 de
848 2791 970 2829 omni.

1306 2857 1371 2896 14*
