2056 3234
185 200 272 228 CAs'·
294 200 345 227 III·
524 202 583 233 DE
610 200 732 232 ENTE
760 199 1181 231 PREDICAMENTALI.
1728 198 1777 236 27

184 309 367 345 accidens
406 306 667 355 presupponit
705 319 822 342 suurn
861 305 1104 349 subiectum;
1146 318 1238 353 ergo
1277 304 1366 340 talis
1400 317 1494 340 ana-

184 366 288 414 logia
320 378 400 401 non
433 364 604 402 excludit
637 363 838 400 racionem
881 362 1036 410 generis
1068 362 1186 410 loyci,
1233 375 1323 398 cum
1363 361 1494 398 taliter

184 424 351 471 analoga
383 431 475 458 sunt
507 422 547 458 in
581 423 720 458 eodem
753 433 909 469 genere.
944 422 992 456 Et
1024 420 1055 456 si
1090 420 1263 468 fingatur
1286 422 1415 456 Deum
1448 421 1494 455 de

184 480 370 529 potencia
403 481 585 516 absoluta
618 492 732 527 posse
765 479 921 526 signare
943 478 1155 526 qualitates
1185 480 1380 514 secundas
1413 477 1495 513 sine

150 542 166 574 Ξ)
184 538 334 587 primis,
361 551 418 583 eo,
444 539 551 585 quod
574 537 662 573 ideo
685 536 965 584 ingrediuntur
983 549 1119 572 earum
1136 535 1493 583 composicionem:

183 597 313 632 adhuc
346 604 424 631 stat
457 595 563 631 racio
593 596 640 630 de
672 594 863 640 numeris,
898 593 1048 641 figuris,
1083 595 1130 629 de
1163 592 1495 641 proporcionibus

184 663 220 690 et
259 653 453 701 quotlibet
491 652 700 689 similibus.
741 654 847 687 Deus
881 651 985 687 enim
1020 652 1067 686 de
1100 650 1287 698 potencia
1325 663 1395 686 sua
1428 651 1495 685 ab-

182 712 311 748 soluta
343 723 423 746 non
446 719 575 758 potest
605 710 760 757 signare
784 708 1099 757 quaternarium,
1133 708 1208 745 nisi
1232 707 1495 756 presupponit

183 771 283 805 duos
316 768 491 804 binarios
524 768 686 804 alterius
719 766 878 815 speciei,
919 776 956 802 et
988 766 1043 803 sic
1076 766 1313 814 generaliter
1345 765 1495 812 species

129 839 167 860 10
182 826 338 862 numeri
372 825 537 862 minoris
571 834 627 861 est
659 825 769 873 prius
801 833 959 870 natura,
1000 837 1121 872 quam
1156 823 1307 871 species
1340 823 1495 859 numeri

184 883 356 929 maioris,
383 892 419 919 et
443 883 701 919 conformiter
723 882 946 929 triangulus
971 891 1027 918 est
1050 882 1180 929 prima
1204 882 1343 929 figura,
1372 893 1493 928 quam

182 950 339 989 oportet
372 942 512 977 cadere
542 940 582 976 in
615 939 912 988 composicione
936 939 1135 987 quadrati,
1169 939 1200 975 si
1234 948 1304 985 est,
1339 948 1375 975 et
1399 951 1494 985 qua—

183 1000 341 1035 dratum
381 998 420 1034 in
458 999 585 1034 forma
625 997 854 1046 pentagoni,
900 1006 936 1033 et
974 997 1028 1033 sic
1069 997 1108 1033 in
1152 996 1367 1040 infinitum,
1415 1008 1494 1031 non

183 1066 316 1093 autem
348 1064 522 1102 econtra,
563 1055 787 1103 specialiter
819 1056 1040 1091 secundum
1075 1063 1265 1102 ponentes
1298 1053 1495 1101 composi-

131 1117 166 1148 15
184 1114 336 1151 cionem
377 1113 557 1150 continui
597 1126 640 1149 ex
678 1126 757 1150 non
791 1113 969 1161 quanti53
1010 1113 1229 1148 secundum
1269 1112 1356 1148 illos
1390 1110 1492 1148 enim

37 1174 259 1217 F.1‹35⁴stat
298 1171 542 1219 triangulum
578 1184 660 1207 esse
693 1171 773 1207 sine
801 1167 804 1223 Ι
835 1172 1032 1219 quadrato
1066 1180 1102 1207 et
1136 1171 1377 1218 quadratum
1412 1169 1495 1205 sine

183 1239 425 1278 pentagono,
460 1238 496 1266 et
529 1229 584 1265 sic
617 1230 664 1265 de
697 1228 851 1265 ceteris.

242 1290 290 1323 Et
330 1289 377 1323 de
416 1287 613 1335 quotlibet
651 1286 987 1334 proporcionibus
1027 1296 1084 1322 est
1122 1298 1194 1333 par
1232 1285 1355 1331 racio,
1402 1284 1495 1332 quia
1599 1290 1650 1318 IV.
1673 1291 1702 1329 {n

184 1345 399 1392 proporcio
429 1344 699 1393 equabilitatis
733 1353 789 1381 est
819 1344 950 1392 prima
983 1344 1177 1389 omnium,
1211 1356 1233 1379 a
1257 1356 1336 1391 qua
1368 1342 1497 1378 omnis
1543 1330 1754 1360 propornons.

127 1415 168 1436 20
183 1403 420 1451 inequalitas
459 1401 651 1450 procedit,
691 1411 727 1438 et
766 1401 896 1438 minor
933 1401 1148 1449 proporcio
1186 1400 1498 1449 presupponitur

184 1462 231 1496 ad
277 1461 485 1507 maiorem,
529 1459 631 1496 sicut
675 1460 806 1496 minor
849 1459 1077 1496 substancia
1112 1461 1160 1495 ad
1206 1458 1413 1504 maiorem,
1460 1466 1496 1493 et

184 1519 329 1553 nedum
371 1519 458 1564 hoc,
503 1519 571 1554 sed
609 1517 756 1554 relacio
795 1517 913 1553 unius
952 1517 1106 1564 generis
1144 1516 1371 1553 intermedii
1409 1528 1496 1563 pre-

184 1575 372 1623 supponit
401 1575 641 1612 relacionem
666 1575 828 1612 alterius
851 1575 1005 1622 generis
1028 1574 1268 1621 intermedii,
1302 1583 1343 1609 ut
1366 1573 1495 1609 omnis

185 1633 330 1669 relacio
384 1634 550 1669 fundata
601 1633 640 1668 in
693 1633 887 1681 qualitate
936 1631 1201 1680 presupponit
1252 1631 1494 1668 relacionem

128 1694 166 1725 25
184 1692 390 1727 fundatam
415 1691 454 1727 in
470 1690 706 1739 quantitate,
730 1704 819 1727 cum
841 1691 939 1727 tales
962 1690 1180 1727 relaciones
1195 1697 1497 1737 presupponant

184 1761 255 1784 sua
287 1749 561 1795 fundamenta,
595 1757 632 1785 et
665 1748 867 1796 quantitas
900 1748 948 1784 sit
981 1748 1090 1796 prius
1124 1747 1327 1796 qualitate.

243 1808 409 1854 Propter
432 1806 527 1843 talia
559 1806 715 1843 videtur
743 1806 876 1851 michi,
902 1808 1008 1854 quod
1041 1805 1188 1842 sufficit
1221 1807 1270 1841 ad
1293 1805 1494 1841 racionem
1520 1811 1625 1850 Genus
1646 1812 1785 1850 logie-any

185 1864 339 1911 generis
369 1864 500 1911 logici,
535 1866 643 1911 quod
672 1863 721 1900 sit
752 1873 897 1900 natura
926 1863 1096 1912 positiva
1127 1863 1260 1899 multis
1290 1862 1496 1910 speciebus
1521 1846 1784 1916 cggffiissreecildieza

185 1921 484 1958 communicata
516 1921 599 1958 sine
622 1921 940 1969 participacione
972 1934 1041 1957 sue
1072 1921 1245 1957 essencie
1278 1921 1496 1957 secundum
1519 1916 1548 1975 13
1570 1915 1785 1977 ggssgghsfflssgy

129 1984 169 2015 30
187 1980 311 2027 magis
342 1988 377 2015 et
413 1979 556 2025 minus,
594 1988 630 2015 et
659 1979 767 2015 illam
801 1979 984 2016 ultimam
1020 1978 1292 2015 differenciam
1324 1977 1497 2014 intellexi
1520 1959 1573 2011 bili
1592 1985 1678 2012 there
1701 1985 1726 2011 is
1747 1972 1784 2023 13'0

185 2037 367 2084 superius
406 2050 476 2085 per
516 2036 710 2084 „univoce
749 2036 1084 2073 communicari⁷⁷.
1131 2036 1323 2082 Quamvis
1362 2044 1495 2072 autem
1519 2028 1602 2046 ’'²⁰⁷'e
1622 2020 1784 2081 qgelessm

184 2095 224 2130 in
247 2089 425 2142 qualibet
457 2094 779 2142 supradictarum
813 2094 1018 2131 racionum
1052 2094 1271 2130 includitur
1303 2092 1498 2130 altissima
1539 2089 1766 2124 participation.

185 2152 412 2198 difficultas,
450 2161 585 2189 tamen
629 2152 774 2188 sufficit
819 2152 880 2188 hic
926 2153 1129 2188 declarare
1167 2150 1495 2188 univocacionem

184 2210 443 2246 sufficientem
476 2219 512 2246 et
540 2209 774 2258 requisitam
798 2222 871 2257 pro
895 2222 1050 2257 genere,
1083 2209 1184 2246 sicut
1208 2209 1332 2245 eciam
1357 2220 1496 2245 omnes

130 2270 168 2303 35
185 2267 411 2304 substancie
444 2267 685 2304 conveniunt
722 2267 762 2303 in
796 2269 884 2313 hoc,
919 2268 1025 2315 quod
1064 2268 1215 2303 nullum
1245 2266 1404 2303 illorum
1438 2274 1495 2302 est

186 2325 338 2373 reliquo
384 2325 511 2373 magis
554 2338 670 2361 suum
715 2338 852 2372 genus,
901 2337 1020 2373 quam
1067 2325 1274 2372 quodlibet
1318 2324 1494 2360 eiusdem

186 2383 352 2430 generis,
403 2383 496 2431 quia
545 2383 653 2419 nulla
702 2383 876 2419 essencia
931 2383 990 2419 vel
1039 2391 1183 2418 natura
1233 2381 1396 2429 suscipit
1447 2382 1495 2417 ad

187 2440 306 2476 istum
330 2453 488 2476 sensum
515 2440 641 2488 magis
665 2449 732 2476 aut
758 2439 901 2476 minus.
936 2441 1011 2476 Sed
1035 2440 1137 2476 sicut
1161 2442 1265 2475 Deus
1289 2449 1345 2475 est
1370 2439 1495 2486 magis

188 2510 268 2543 ens,
293 2511 412 2545 quam
436 2497 678 2543 substancia,
703 2497 759 2534 sic
782 2498 1010 2534 substancia
1034 2507 1090 2533 est
1114 2497 1239 2545 magis
1263 2510 1343 2542 ens,
1373 2509 1494 2544 quam

130 2569 172 2598 40
188 2555 384 2601 accidens,
419 2564 455 2591 et
487 2568 609 2591 unum
644 2556 721 2591 tale
754 2555 908 2604 reliquo
939 2555 1063 2603 magis
1096 2555 1297 2595 accidens:
1331 2567 1410 2590 non
1441 2554 1495 2589 sic

189 2622 321 2649 autem
362 2614 409 2649 de
447 2625 634 2661 supremo
678 2625 821 2661 genere
864 2614 989 2661 loyco.
1044 2615 1156 2649 Patet
1195 2612 1290 2648 illud
1331 2612 1402 2648 sic:
1451 2624 1495 2648 eo

260 2781 298 2808 16.
320 2781 385 2808 sine
404 2780 519 2809 addidi.
594 2789 637 2809 20⁴
664 2781 758 2809 Cod.:
781 2782 945 2816 proporcio
966 2782 1018 2809 his.
1093 2782 1137 2809 550.
1157 2782 1251 2810 Cod.:
1273 2782 1403 2809 intellexi
1427 2782 1492 2815 priq

190 2816 340 2853 superius.
413 2815 427 2842 3
440 2826 459 2849 t.
480 2816 585 2849 eciam!
607 2817 672 2843 cod.
685 2826 693 2842 .·
721 2816 812 2843 euim.
1432 2817 1488 2827 “””
