2056 3234
258 196 306 233 36
991 204 1214 235 JOHANNIS
1241 203 1408 235 WICLIF
1705 201 1794 228 CAP.
1815 201 1855 228 v.

543 312 651 359 quod
684 319 754 355 est,
790 322 879 346 curn
915 309 1147 346 substancia
1180 309 1229 346 sit
1261 309 1372 357 prior
1405 322 1476 346 suo
1510 309 1715 346 accidente
1740 321 1855 357 sepa-

543 367 659 405 rabili
692 377 729 404 et
760 367 1019 415 inseparabili
1065 366 1396 415 congregacione,
1444 366 1693 404 diffinicione
1727 380 1770 403 ex
1807 370 1852 414 70

542 424 819 473 Metaphisice.
869 428 950 462 Nec
988 425 1091 462 valet
1125 425 1269 470 dicere,
1316 426 1424 474 quod
1458 426 1531 461 hec
1563 424 1613 461 sit
1645 424 1754 462 racio
1789 437 1854 461 co-

542 483 772 531 gnoscendi,
819 491 857 519 et
888 496 969 519 non
1002 482 1157 519 essendi
1189 482 1317 528 raci03
1364 491 1464 529 tum,
1509 482 1603 531 quia
1643 482 1855 519 cuiuslibet

542 540 761 578 accidentis
784 540 894 577 racio
918 550 975 577 est
999 541 1108 577 racio
1142 540 1411 588 cognoscendi
1443 540 1732 586 substanciam,
1767 549 1852 576 turn
1873 543 1889 575 5

542 599 683 645 eciam,
718 598 812 647 quia
835 598 944 635 racio
968 598 1125 635 essendi
1150 608 1208 635 est
1241 598 1480 644 invenibilis,
1516 611 1606 635 curn
1631 599 1706 635 hoc
1729 611 1854 646 genus

541 657 590 693 sit
613 658 729 705 plene
755 665 965 693 causatum
991 669 1034 693 ex
1058 656 1138 693 suis
1173 655 1396 705 principiis,
1432 665 1469 692 et
1502 669 1572 704 per
1606 668 1855 705 consequens

542 716 661 751 habet
694 714 897 751 racionem
932 727 954 751 a
985 714 1124 762 priori.

599 775 681 809 Nec
713 773 817 809 valet
848 772 957 809 racio
991 772 1128 818 tercia,
1174 785 1264 809 cum
1298 773 1428 809 solum
1462 772 1654 820 competit
1688 772 1856 809 materie

540 831 601 867 vel
634 830 814 867 subiecto
853 831 980 867 forme
1024 830 1318 876 substancialis,
1366 839 1407 866 ut
1450 839 1508 866 est
1554 843 1713 878 corpus,
1763 843 1853 866 cum
1877 842 1915 863 10

540 898 677 925 tamen
715 888 783 925 illa
816 901 897 925 non
930 897 1034 934 sunt,
1080 887 1155 924 nisi
1199 900 1270 936 per
1302 887 1585 925 reduccionem
1619 887 1659 924 in
1690 900 1854 936 genere,

541 956 577 983 et
602 946 657 983 sic
680 959 752 983 nec
776 946 1061 994 intelligencia,
1096 959 1167 982 nec
1199 946 1344 993 forma,
1377 958 1450 982 nec
1483 946 1714 982 substancia
1748 958 1856 982 com-

541 1004 672 1053 posita
706 1013 807 1040 esset
846 1004 1009 1052 proprie
1054 1004 1299 1051 substancia,
1350 1005 1457 1052 quod
1503 1013 1561 1040 est
1605 1003 1855 1053 impossibile

541 1061 805 1110 responsioni.
840 1065 921 1098 Nec
952 1063 1056 1098 valet
1090 1062 1425 1107 intellectualiter,
1460 1062 1730 1110 compositum
1765 1063 1857 1098 sub-

541 1129 646 1157 stare
690 1132 760 1168 per
804 1133 917 1156 suam
965 1119 1197 1165 materiam,
1243 1119 1336 1168 quia
1381 1120 1513 1156 adhuc
1551 1120 1662 1168 prius
1695 1123 1912 1156 natura-15

542 1178 632 1214 liter
664 1187 911 1227 competeret
944 1177 1053 1214 racio
1087 1177 1315 1214 substancie
1348 1177 1528 1223 materie,
1575 1187 1612 1214 et
1656 1190 1736 1213 non
1780 1177 1855 1214 nisi

541 1236 777 1273 secundarie
801 1235 1049 1284 composit03
1072 1248 1146 1272 nec
1169 1235 1437 1283 intelligencie
1462 1244 1592 1272 essent
1615 1235 1854 1281 substancie,

542 1306 630 1330 cum
678 1303 963 1343 supponuntur
1007 1306 1089 1330 esse
1133 1293 1336 1342 simplices
1370 1307 1392 1330 a
1424 1293 1495 1330 tali
1538 1293 1854 1341 composicione.

542 1354 590 1388 Et
623 1352 728 1388 idem
762 1365 844 1388 non
877 1352 983 1388 valet
1016 1351 1161 1397 dicere,
1209 1353 1317 1400 quod
1361 1351 1494 1388 omnis
1535 1351 1766 1388 substancia
1799 1360 1856 1388 est

542 1409 790 1458 composicio
837 1419 973 1446 exacta
1026 1418 1063 1446 et
1111 1409 1312 1458 potencia,
1367 1409 1461 1458 quia
1512 1409 1622 1446 racio
1674 1409 1915 1457 predictam

541 1467 675 1516 primo
709 1476 956 1516 competeret
999 1467 1197 1515 potencie,
1244 1476 1282 1504 et
1325 1469 1374 1504 ab
1420 1467 1489 1504 illa
1534 1467 1761 1504 deviaretur
1805 1468 1855 1503 ad

542 1525 898 1574 composicionem,
933 1527 1042 1574 quod
1076 1538 1158 1562 non
1192 1524 1387 1574 contingit
1431 1525 1566 1573 generi
1611 1524 1854 1570 substancie,

540 1592 584 1620 ut
616 1592 727 1632 patet
760 1596 803 1620 ex
836 1583 953 1619 dictis
987 1592 1023 1620 et
1057 1583 1250 1620 dicendis.

280 1649 440 1685 Meanings
460 1650 495 1677 of
599 1643 691 1678 Ideo
724 1655 796 1689 pro
830 1641 992 1678 racione
1031 1641 1259 1678 substancie
1292 1641 1332 1677 in
1365 1641 1572 1678 communi
1617 1640 1855 1677 invenienda

286 1685 483 1747 ιεῖἓζεζζξζὲἓχ
539 1701 763 1736 notandum
797 1701 1018 1736 secundum
1053 1701 1215 1745 Grecos,
1263 1701 1372 1748 quod
1415 1698 1647 1736 substancia
1680 1700 1854 1747 quadru-
1872 1703 1911 1735 25

539 1757 696 1805 pliciter
748 1757 934 1802 sumitur,
988 1766 1024 1794 et
1077 1756 1445 1806 proposcionaliter
1505 1756 1714 1806 quodlibet
1766 1756 1854 1804 ipsa

542 1815 718 1852 inferius.

263 1887 289 1916 1.
314 1882 514 1920 ὑπόστασις
599 1873 733 1910 Primo
768 1874 888 1910 modo
922 1873 1017 1909 dicit
1050 1872 1313 1921 posicionem,
1361 1886 1403 1910 ex
1449 1886 1525 1922 qua
1556 1869 1559 1925 Ι
1589 1886 1650 1910 res
1695 1882 1752 1910 est
1785 1885 1855 1921 per
1872 1878 1910 1909 F.
1931 1878 2005 1921 197¹

295 1928 483 1962 subsistens;
540 1944 580 1967 se
628 1931 809 1977 existens,
865 1940 902 1968 et
950 1931 1020 1967 illa
1063 1940 1230 1968 vocatur
1284 1931 1325 1967 in
1380 1931 1617 1979 corporibus
1672 1930 1853 1976 materia,

541 2002 686 2037 corpus
729 1990 791 2026 vel
835 1989 1080 2035 subiectum3
1134 1989 1174 2026 in
1219 1989 1498 2037 intelligenciis
1542 2002 1635 2026 vero
1687 1995 1913 2027 vocatur-30

539 2047 703 2084 nomine
757 2047 964 2083 communi
1016 2047 1202 2095 potencie
1256 2047 1484 2084 intellectus
1539 2047 1742 2095 possibilis
1794 2048 1855 2083 vel

612 2267 640 2299 3.
677 2266 730 2308 Cf.
762 2265 865 2297 Arist.
897 2264 1048 2307 Metaph.
1075 2265 1120 2296 VI
1160 2264 1202 2305 (I.
1241 2265 1395 2306 antiquis
1433 2265 1511 2297 edd.
1546 2264 1625 2306 Vll)
1663 2265 1675 2296 I
1716 2264 1731 2297 5
1771 2264 1855 2306 (Ed.

540 2313 645 2345 Paris
685 2312 722 2344 1!
744 2314 833 2351 538,
861 2313 910 2342 23
935 2312 1012 2353 ss.):
1028 2311 1150 2353 Δῆλον
1176 2306 1253 2353 οὖν,
1278 2307 1334 2343 ὅτι
1359 2309 1420 2342 διὰ
1446 2309 1582 2352 ταύτην
1607 2312 1690 2353 (scil.
1711 2309 1854 2348 οὐσίαν)

539 2357 715 2390 κάκείνων
747 2355 898 2389 ἕκαστόν
929 2354 1036 2389 ἐστιν.
1068 2356 1181 2389 ’Ώστε
1213 2357 1252 2389 τὸ
1278 2356 1436 2400 πρώτως
1461 2354 1504 2389 ὂν
1527 2354 1587 2389 καὶ
1612 2354 1691 2389 οὐτὶ
1717 2353 1760 2388 ὂν
1784 2355 1856 2388 ἀλλ’

539 2402 583 2436 ὂν
613 2402 736 2442 ἁπλῶς
767 2401 789 2446 ἡ
822 2402 929 2435 οὐσία
963 2401 1009 2435 ἂν
1040 2401 1095 2445 εἰη
1122 2403 1172 2445 (6)
1205 2403 1400 2446 Πολλαχῶς
1437 2401 1502 2446 μὲν
1538 2399 1605 2435 οὖν
1640 2402 1778 2445 λέγεται
1815 2402 1854 2435 τὸ

539 2453 702 2505 πρῶτον·
730 2446 830 2492 ὅμως
854 2448 894 2482 δὲ
919 2449 1069 2482 πάντων
1095 2447 1116 2491 ἡ
1143 2448 1249 2481 οὐσία
1274 2453 1421 2493 πρῶτον
1446 2447 1505 2481 καὶ
1530 2447 1622 2492 λόγῳ
1649 2448 1709 2481 καὶ
1726 2460 1856 2491 γνωσει

539 2495 599 2529 καὶ
622 2494 751 2539 χρόνῳ.
783 2497 870 2528 Τῶν
894 2494 959 2538 μὲν
983 2494 1050 2539 γὰρ
1076 2494 1194 2527 ἄλλων
1210 2495 1519 2539 κατηγορημάτων
1536 2494 1650 2527 οὐθὲν
1666 2494 1856 2551 χωριστόν,

540 2543 632 2584 αὕτη
664 2541 704 2574 δὲ
738 2540 841 2594 μόνη.
879 2540 955 2574 Καὶ
979 2544 1028 2573 τῶ
1055 2539 1147 2585 λόγῳ
1174 2540 1213 2574 δὲ
1239 2545 1345 2575 τοῦτο
1372 2545 1529 2585 πρῶτον,
1562 2540 1699 2584 ἀνάγκη
1724 2540 1791 2584 γὰρ
1817 2538 1855 2574 ἐν

539 2592 588 2632 τῷ
609 2586 762 2621 ἑκάστου
779 2586 870 2632 λόγῳ
889 2587 954 2621 τὸν
970 2592 1036 2631 τῆς
1060 2586 1188 2626 cinnas·
1212 2585 1421 2632 ἐνυπάρχεν.
1495 2598 1547 2628 22,
1569 2588 1622 2620 26.
1643 2589 1854 2630 Quadrupli-

541 2637 633 2668 citer.
669 2636 794 2668 Verum
826 2641 957 2678 septem
991 2635 1212 2668 substantiae
1241 2635 1520 2678 sigmficationes
1545 2645 1567 2667 a
1594 2635 1748 2678 Wiclzfio
1774 2645 1855 2668 con-

540 2682 638 2714 stitui
655 2686 826 2725 apparet3
852 2693 920 2724 qua
947 2683 990 2715 de
1008 2691 1118 2714 causa
1140 2686 1203 2714 aut
1221 2682 1409 2714 librarium
1430 2682 1568 2723 lapsum
1597 2691 1670 2714 esse
1688 2686 1853 2723 putemus

541 2738 679 2760 necesse
705 2733 756 2761 est
781 2733 845 2760 aut
870 2734 1026 2771 quatuor
1045 2728 1188 2769 priores
1214 2732 1351 2760 tantum
1379 2738 1486 2761 veras
1511 2728 1733 2760 substantiae
1750 2733 1854 2760 notas

541 2775 719 2814 exhihere,
747 2775 905 2817 reliquas
931 2780 1003 2808 tres
1022 2784 1069 2807 ex
1088 2774 1129 2806 iis
1148 2783 1230 2814 esse,
1257 2784 1347 2817 quae
1365 2785 1466 2807 sensu
1487 2774 1664 2806 translato
1690 2775 1854 2806 substan-

542 2821 629 2853 tiam
659 2821 836 2853 denotent.
