2056 3234
235 173 309 208 156

959 179 1183 210 JOHANNIS
1210 179 1376 210 WffiLlF
1633 176 1720 203 CAP.
1744 175 1824 202 XVI.

516 285 668 330 mundi,
702 285 907 331 regulante
940 293 1119 330 naturaS,
1160 297 1235 332 que
1269 283 1470 320 credimus
1505 286 1631 319 Deum
1667 296 1707 319 se
1740 284 1824 319 solo

516 342 685 387 efficere,
726 343 832 389 quod
871 351 1006 377 tamen
1045 355 1126 378 non
1165 350 1342 389 oportet3
1386 353 1421 377 et
1460 341 1523 377 isti
1557 341 1690 388 regule
1723 340 1824 376 inni-

515 409 653 436 tuntur
676 399 849 436 artifices
875 399 1056 436 faciendo
1082 400 1227 435 multas
1251 398 1672 447 experimentaciones,
1697 398 1824 434 inten-

516 459 646 494 dendo
679 469 948 505 conquassare
981 470 1055 493 ova
1088 458 1306 493 seeundum
1341 458 1572 504 dyametros
1611 455 1826 503 longitudi-

515 516 623 552 nales
663 524 699 551 et
738 515 794 551 sie
834 516 880 551 de
922 514 1056 550 multis
1096 514 1280 550 limitatis
1319 527 1340 550 a
1378 515 1462 562 lege
1500 523 1655 550 nature.
1696 515 1744 549 Et
1784 515 1859 549 ex5

515 572 599 609 istis
639 581 760 620 patet,
800 585 921 620 quam
961 572 1076 608 facile
1109 572 1210 608 foret
1250 571 1405 608 auctori
1444 581 1585 607 nature
1618 571 1826 607 ambulare

515 643 634 678 super
657 643 804 678 aquam
839 639 876 666 et
906 642 1052 675 aerem,
1088 631 1267 678 aptando
1300 642 1420 677 super
1452 629 1708 677 suppositum
1743 641 1827 665 esse

514 689 564 724 ad
608 700 770 724 omnem
815 697 1010 736 punctum
1058 697 1261 734 neutrum,
1316 696 1359 723 ut
1411 687 1485 723 sibi
1530 688 1700 723 eederet.
1750 687 1827 722 Sed

515 745 601 794 quis
642 755 697 782 est
738 745 813 792 hic,
854 745 920 794 qui
959 745 1054 782 talia
1092 745 1165 782 scit
1198 746 1351 782 facere?
1390 745 1528 781 Solum
1568 757 1670 780 unus
1709 756 1828 792 super

514 803 649 840 omnia
692 804 931 849 laudandus,
979 802 1046 851 qui
1092 812 1148 840 est
1196 803 1430 839 benedictus
1474 803 1513 838 in
1558 803 1709 848 secula3
1754 814 1885 838 necxo

515 871 572 897 est
600 870 782 897 nostrum
808 861 1048 907 discernere,
1082 861 1316 898 musicando
1339 859 1602 897 subtilitatem
1626 872 1695 897 sue
1718 860 1827 896 artis.

514 920 562 955 Et
586 921 634 955 de
658 918 933 967 magnitudine
956 918 1141 967 potencie
1166 919 1317 955 dictum
1343 928 1400 955 est
1424 918 1627 966 superius;
1660 917 1828 954 ulterius

515 990 594 1025 quo
618 978 666 1013 ad
691 976 894 1013 maliciam
919 976 1096 1013 accionis
1131 986 1167 1013 et
1200 990 1441 1013 concursum
1467 976 1539 1012 Dei
1573 989 1661 1012 cum
1687 984 1828 1023 agente

514 1036 691 1071 secundo
723 1034 813 1071 vide
846 1036 1022 1071 seeundo
1056 1034 1159 1071 libro
1192 1044 1366 1071 tractatu
1401 1034 1527 1070 tercio
1561 1033 1739 1082 capitulo
1771 1037 1829 1080 90.

853 1175 931 1203 Ares.

583 1203 608 1231 3.
632 1204 704 1231 Cod.
717 1214 726 1231 :
746 1204 867 1240 expime

582 1310 613 1342 6.
646 1311 823 1342 ambulare
849 1321 953 1352 super
979 1310 1118 1352 aquam]
1147 1310 1250 1341 Matlz
1291 1313 1341 1349 14,
1369 1311 1416 1340 25
1442 1320 1491 1351 sq.
1592 1319 1641 1349 14.
1668 1309 1829 1340 Secundo

512 1357 600 1388 libro
642 1364 786 1388 tractatu
828 1357 959 1398 terciol.
1009 1357 1059 1388 De
1100 1357 1187 1388 Ente
1231 1357 1303 1388 sive
1345 1357 1489 1387 Summa
1531 1355 1829 1387 Intellectualium.

514 1403 589 1434 Lib.
618 1403 641 1434 II
672 1405 701 1436 3.
729 1402 911 1435 Trac'tatus
939 1404 981 1434 de
1000 1403 1188 1434 Volutione
1215 1403 1276 1434 Dei
1305 1403 1477 1444 (Shirley,
1499 1413 1536 1444 p.
1565 1403 1614 1442 3).
