2056 3234
299 825 556 880 CAPUT
596 827 990 891 QUARTUM
1026 825 1419 880 DECIMUM.

262 972 309 1006 Et
342 982 412 1017 per
435 970 509 1006 hoc
542 977 651 1018 patet
673 968 880 1017 responsio
913 970 963 1006 ad
986 968 1185 1017 quintum.
1219 971 1319 1005 Nam
1344 968 1509 1016 agencia

204 1040 285 1064 non
309 1036 365 1063 est
388 1027 555 1064 univoce
579 1027 805 1064 communis
828 1029 912 1063 Deo
936 1035 972 1063 et
996 1026 1202 1072 creaturis,
1228 1039 1319 1063 cum
1343 1027 1509 1074 agencia

203 1085 242 1121 in
266 1087 349 1121 Deo
382 1085 431 1121 sit
454 1085 601 1122 relacio
635 1084 821 1131 racionis,
856 1084 1021 1133 agencia
1043 1097 1137 1121 vero
1177 1084 1217 1120 in
1241 1084 1435 1120 creaturis
1459 1084 1508 1121 sit

170 1142 351 1179 5relacio
392 1155 463 1191 per
501 1155 541 1179 se
581 1143 620 1179 in
668 1155 811 1191 genere
851 1142 1046 1189 accionis;
1092 1142 1182 1178 ideo
1220 1154 1302 1178 non
1339 1142 1508 1179 univoce

202 1213 281 1249 quo
313 1202 364 1237 ad
398 1200 619 1249 agenciam,
659 1202 727 1237 sed
759 1200 926 1237 univoce
959 1213 1037 1249 quo
1077 1201 1127 1236 ad
1160 1199 1365 1236 accionem
1400 1212 1509 1236 com-

202 1258 301 1306 petit
334 1271 449 1306 agere
482 1261 565 1295 Deo
606 1267 642 1295 et
674 1258 881 1305 creaturis,
923 1267 959 1295 et
1000 1258 1055 1294 sic
1093 1270 1210 1305 agere
1243 1257 1315 1293 Dei
1355 1267 1413 1294 est
1447 1270 1507 1294 ex-

202 1316 428 1363 cellencius,
473 1316 659 1364 proprius
699 1325 736 1353 et
775 1329 933 1364 semper
971 1315 1232 1364 principalius
1266 1317 1386 1351 modo
1420 1328 1505 1362 suo,

202 1386 323 1421 quam
363 1386 479 1421 agere
519 1383 700 1411 creature
741 1383 797 1410 est
842 1375 962 1410 modo
1002 1386 1093 1419 suo;
1138 1386 1218 1409 non
1257 1372 1311 1409 sic
1356 1382 1505 1420 tamen,

148 1446 186 1466 10
201 1432 309 1479 quod
342 1431 391 1467 sit
424 1431 591 1468 univoce
624 1444 740 1480 agere
774 1444 863 1467 cum
898 1444 956 1476 eo,
997 1432 1066 1467 sed
1099 1431 1230 1478 primo
1264 1430 1505 1467 conveniens

202 1502 291 1525 curn
325 1501 440 1537 agere
479 1498 661 1526 creature
693 1490 733 1526 in
773 1498 860 1525 ente
901 1490 961 1526 vel
998 1489 1038 1524 in
1078 1489 1253 1536 quodam
1292 1497 1507 1536 aggregato

200 1546 378 1583 inferiori
411 1556 518 1593 ente3
557 1549 625 1584 sed
658 1547 698 1584 in
736 1548 845 1583 nullo
877 1559 1021 1595 genere
1061 1558 1159 1594 pure
1191 1545 1375 1582 univoco.
1414 1547 1507 1582 Ideo

200 1613 361 1652 negaret
405 1606 553 1653 loycus,
598 1607 706 1653 quod
750 1614 965 1654 utrumque
1009 1604 1180 1640 istorum
1226 1612 1284 1640 est
1328 1604 1504 1652 agencia‚

201 1663 516 1699 demonstrando
548 1663 755 1711 agenciam
779 1662 851 1699 Dei
888 1672 925 1699 et
958 1671 1138 1698 creature
1172 1661 1393 1709 agenciam.
1427 1664 1507 1698 Nec

149 1714 184 1757 {5
200 1720 394 1768 sequitur,
428 1722 536 1770 quod
568 1720 641 1757 iste
672 1730 763 1757 sunt
796 1721 956 1769 agencie
991 1733 1033 1756 ex
1058 1721 1143 1765 hoc,
1178 1721 1285 1768 quod
1317 1728 1397 1755 tam
1432 1719 1507 1756 ista

201 1786 259 1814 est
281 1778 458 1826 agencia,
493 1791 613 1827 quam
646 1778 721 1815 ista
754 1787 813 1815 est
836 1778 1021 1826 agencia;
1054 1790 1126 1813 nec
1150 1778 1508 1826 quod·utrumque

201 1835 366 1872 istorum
402 1845 459 1873 est
491 1836 667 1884 agencia.
702 1837 779 1872 Sed
813 1836 1086 1884 equivocando
1120 1834 1365 1881 conceditur,
1399 1836 1507 1882 quod

201 1893 370 1929 alterum
403 1894 567 1930 istorum
602 1906 683 1930 non
707 1903 763 1930 est
796 1893 961 1942 agencia
994 1902 1031 1929 et
1062 1906 1142 1929 non
1165 1901 1381 1940 utrumque
1414 1892 1507 1929 isto-

201 1964 289 1987 rum
324 1964 401 1987 non
435 1960 492 1988 est
524 1951 701 1999 agencia.
745 1952 866 1987 Racio
899 1952 1066 1987 istorum
1100 1959 1137 1986 et
1169 1949 1363 1999 quotlibet
1398 1950 1506 1985 simi-

144 2022 185 2043 20
200 2008 297 2044 lium
332 2018 403 2055 est,
444 2011 550 2059 quod
588 2009 661 2046 iste
700 2018 791 2045 sunt
824 2009 1015 2058 equivoce
1054 2008 1214 2056 agencie
1249 2017 1285 2043 et
1324 2008 1364 2043 in
1396 2007 1506 2056 equi-

199 2066 306 2103 vocis
354 2080 433 2103 non
473 2075 529 2103 est
575 2066 847 2103 contradiccio
887 2067 955 2113 sic,
1000 2067 1108 2114 quod
1154 2078 1235 2101 non
1280 2064 1506 2114 concipitur

200 2123 319 2160 simul
351 2133 568 2172 utrumque
601 2125 768 2161 istorum
804 2126 943 2161 eadem
979 2123 1205 2160 intencione
1239 2122 1308 2167 rei,
1349 2132 1392 2158 ut
1425 2123 1505 2159 dic-

199 2190 284 2218 tum
318 2191 374 2218 est
407 2191 579 2219 tractatu
604 2182 745 2230 primo.
782 2184 914 2218 Potest
936 2190 1071 2218 tamen
1104 2180 1219 2217 realis
1243 2180 1504 2228 philosophus

199 2239 257 2275 uti
289 2240 469 2276 terminis
502 2240 681 2286 univoce,
720 2249 763 2275 ut
804 2239 1028 2287 significent
1066 2238 1272 2286 agenciam
1314 2239 1504 2285 analoyce

143 2299 182 2331 25
200 2309 470 2344 communem,
508 2298 569 2335 vel
607 2298 862 2334 connotando
900 2297 1225 2333 nominacionem
1265 2295 1320 2331 rei
1353 2308 1423 2344 per
1456 2295 1505 2337 si-

194 2354 335 2402 gnum,
361 2368 408 2392 ne
432 2356 646 2392 altercetur
669 2355 709 2391 in
731 2355 879 2401 verbis3
913 2364 950 2391 et
972 2354 1027 2391 sic
1050 2355 1193 2402 loquor
1217 2353 1503 2397 communiter;

200 2413 432 2449 conceditur
465 2426 570 2461 ergo,
596 2415 704 2462 quod
738 2412 966 2449 substancia
998 2412 1176 2448 increata
1208 2410 1394 2459 proprius
1425 2410 1505 2458 agit

200 2483 319 2518 quam
366 2471 595 2507 substancia
634 2479 781 2517 creata,
826 2472 894 2507 sed
933 2483 1014 2506 non
1058 2469 1222 2517 agencia
1266 2468 1305 2504 in
1348 2480 1505 2515 genere,

199 2541 275 2576 que
314 2528 576 2576 presupponit
614 2540 771 2565 movere
804 2528 970 2576 agentiS,
1015 2528 1083 2563 sed
1116 2526 1293 2574 agencia,
1339 2538 1415 2574 que
1449 2534 1505 2562 est

143 2589 184 2621 30
201 2585 345 2621 relacio
384 2586 570 2632 racionis,
616 2598 863 2634 consequens
901 2585 1121 2621 formaliter
1159 2585 1208 2620 ad
1249 2583 1502 2620 existenciam

200 2643 272 2679 Dei
296 2652 332 2679 et
355 2643 512 2691 positivi
538 2643 635 2689 acti,
660 2653 697 2680 et
720 2643 852 2679 taliter
874 2655 955 2679 non
978 2650 1108 2690 potest
1132 2650 1315 2678 creatura
1337 2649 1504 2689 propter

200 2699 282 2736 eius
305 2700 654 2748 imperfeccionem
681 2714 810 2748 agere,
845 2714 934 2736 cum
959 2708 1116 2748 oportet
1139 2700 1264 2747 ipsam
1290 2698 1502 2734 limitatam

199 2771 219 2793 a
236 2760 318 2794 Deo
342 2758 455 2794 inniti
479 2761 698 2795 secundum
724 2758 949 2806 potenciam
973 2758 1032 2794 vel
1056 2756 1340 2793 sufficienciam
1366 2758 1503 2803 deper-

186 2814 374 2851 >dibilem.

1565 976 1706 1004 Solution
1728 978 1758 1004 ot

1541 1011 1606 1038 fifth
1627 1011 1781 1045 objection

1565 1045 1615 1079 (cf.
1639 1055 1667 1081 p.
1689 1048 1764 1080 104).

1534 1081 1672 1117 Activity
1690 1081 1716 1108 is
1737 1085 1790 1108 not

1558 1115 1588 1142 in
1609 1116 1659 1142 the
1680 1124 1764 1142 same

1533 1158 1622 1177 sense
1642 1158 1788 1177 common

1535 1188 1565 1211 to
1587 1185 1657 1212 God
1679 1185 1738 1212 and
1760 1189 1790 1212 to

1579 1224 1745 1247 creatures.

1554 1254 1588 1281 In
1608 1254 1678 1281 God
1699 1254 1722 1281 it
1742 1255 1768 1281 is

1552 1289 1629 1316 ideal
1654 1290 1771 1323 (relatio

1528 1323 1667 1357 rationis)
1689 1324 1790 1351 which

1528 1358 1557 1385 in
1579 1366 1649 1385 man
1671 1358 1693 1385 it
1712 1358 1738 1385 is
1759 1362 1790 1385 to

1577 1394 1611 1420 be
1632 1393 1745 1428 ranged

1522 1429 1621 1455 under
1635 1428 1684 1454 the
1699 1436 1794 1463 genus

1540 1463 1641 1490 action
1663 1462 1776 1496 (actio).
