2056 3234
228 213 315 240 CAP·
337 212 387 240 IX*
550 215 608 246 DF,
636 215 758 246 ENTE
786 213 1206 246 PREDICAMENTALI.

225 324 371 372 passio,
411 322 620 370 generacio
659 323 718 360 vel
758 321 983 369 corrupcio,
1023 329 1065 356 ut
1105 328 1214 368 patet
1253 320 1384 368 primo
1418 328 1454 355 et
1489 322 1533 366 70

225 381 485 429 Metaphisice
511 408 687 417 ......
722 393 815 428 ergo
850 388 922 416 etc.

283 440 452 484 Quando
498 451 591 486 ergo
639 438 823 484 dicimus,
874 439 981 486 quod
1026 436 1240 485 qualitates
1290 435 1417 472 active
1467 444 1535 472 aut

224 497 351 533 forme
394 497 456 533 vel
501 509 670 544 corpora
716 495 952 533 animalium
997 503 1117 542 agunt
1162 493 1345 531 acciones
1391 493 1534 530 extrin-

192 553 349 599 5secaS,
383 554 655 602 intelligimus,
680 555 787 602 quod
811 553 1002 599 subiecta,
1031 561 1074 588 ut
1097 552 1152 590 sic
1176 552 1385 600 disposita,
1413 560 1535 599 agunt

224 612 456 648 huiusmodi
496 612 699 657 acciones3
741 624 830 648 cum
872 610 976 647 enim
1017 610 1200 647 caliditas
1238 610 1298 647 vel
1337 611 1447 646 calor
1485 608 1534 645 sit

225 670 448 707 subiectum
489 682 572 706 esse
611 669 800 714 calidum,
841 669 946 705 idem
986 668 1026 704 in
1067 668 1270 705 sentencia
1304 676 1361 704 est
1402 667 1534 703 dicere

225 728 469 765 caliditatem
510 740 638 775 agere,
680 736 717 764 et
755 727 978 763 subiectum
1018 735 1061 762 ut
1095 726 1284 771 calidum,
1318 737 1447 773 agere.
1494 724 1534 760 Si

224 795 359 822 tamen
392 785 573 822 caliditas
607 794 708 822 esset
731 798 792 821 res
825 793 967 833 potens
991 797 1061 832 per
1094 797 1134 821 se
1158 784 1336 829 existere,
1371 781 1534 819 indubie

171 853 209 874 10
225 843 347 892 prius,
381 843 661 880 immediacius
685 852 722 879 et
745 843 933 891 proprius
957 842 1209 888 calefaceret,
1235 854 1356 890 quam
1381 840 1534 877 subiec-

225 911 325 948 tum,
371 901 472 938 sicut
508 902 658 937 ferrum
702 900 874 949 ignitum
919 901 1139 937 secundum
1188 899 1410 948 quamlibet
1450 898 1533 934 eius

225 968 380 1008 partem
414 959 643 996 sensibilem
678 958 788 1007 prius
823 958 1020 1004 calefacit,
1056 971 1176 1007 quam
1201 966 1332 993 totum
1367 957 1532 1001 ferrum,

226 1020 333 1066 quod
358 1018 476 1053 habet
510 1026 665 1065 partem
691 1017 816 1062 illam,
852 1025 889 1053 et
912 1024 1069 1064 partem
1093 1015 1295 1063 frigidam,
1331 1014 1533 1051 ociantem

226 1075 531 1112 acalefaccione.
560 1078 660 1111 Nam
685 1076 1025 1123 quandocumque
1049 1073 1201 1121 aliquid
1224 1072 1306 1120 agit
1329 1084 1399 1120 per
1423 1071 1533 1108 aliud

171 1131 207 1163 15
227 1133 452 1179 acusaliter‚
489 1132 551 1169 cui
575 1133 642 1169 alii
676 1141 809 1180 potest
833 1145 903 1180 per
935 1144 975 1168 se
998 1131 1064 1167 illa
1099 1130 1264 1179 agencia
1288 1138 1531 1178 competere,

225 1191 337 1239 prius
383 1200 419 1227 et
459 1190 647 1239 proprius
692 1190 766 1226 sibi
807 1189 1015 1238 competit,
1062 1202 1184 1237 quam
1231 1188 1346 1225 alteri
1391 1195 1533 1235 agente

224 1248 439 1285 causaliter
477 1261 547 1296 per
585 1248 732 1297 ipsum,
771 1257 814 1284 ut
852 1256 964 1296 patet
1002 1247 1134 1295 primo
1175 1245 1448 1283 posteriorum
1486 1247 1533 1280 2⁰

291 1426 311 1445 1.
333 1418 405 1445 Post
424 1417 625 1452 Metaphisice
639 1417 750 1444 lacuna
763 1415 845 1444 5-6
858 1416 1031 1443 litterarum
1045 1416 1075 1443 in
1091 1416 1207 1443 codice.
1282 1423 1321 1449 17.
1340 1414 1409 1442 Post
1423 1414 1537 1442 dicitur

220 1453 332 1480 lacuna
355 1452 450 1480 S-JO
469 1453 643 1479 litterarum
665 1452 694 1478 in
716 1451 782 1478 cod.

291 1581 320 1602 2.
347 1572 486 1602 Aristot.
505 1572 585 1602 Met.
604 1571 666 1614 19,
685 1581 706 1611 4
732 1570 814 1612 (Ed.
836 1570 940 1602 Paris
963 1569 1100 1609 11482,
1123 1571 1167 1600 2-9
1184 1570 1273 1605 ss.).
1293 1566 1378 1601 ,καὶ
1401 1567 1468 1611 γὰρ
1494 1566 1535 1601 τὸ

220 1616 338 1660 νόημα
363 1613 411 1655 ἓν,
436 1616 480 1649 οὐ
506 1614 619 1671 μόνον
643 1614 725 1659 περὶ
750 1614 814 1653 τὰς
846 1614 972 1667 οὐσίας
1003 1613 1088 1648 ἀλλὰ
1114 1627 1173 1647 και
1199 1613 1291 1647 κατὰ
1316 1617 1391 1646 τῶν
1416 1613 1533 1647 ἄλλων

220 1662 355 1717 οὐσιῶν
379 1660 470 1694 ἐστί·
496 1661 555 1694 καὶ
581 1659 773 1705 ἐπιστῆμαι
798 1661 841 1694 οὐ
866 1660 979 1704 μόνον
1003 1665 1067 1704 τῆς
1093 1660 1219 1699 οὐσιας
1245 1658 1344 1702 εἰσὶν,
1370 1659 1457 1693 ἀλλὰ
1475 1659 1534 1693 καὶ

220 1706 379 1752 ἑτέρων.
426 1707 542 1741 ,κατὰ
568 1707 607 1741 δὲ
632 1706 673 1741 τὸ
700 1707 897 1750 ἀναγκαιον
920 1706 979 1740 καὶ
1005 1706 1070 1745 τὰς
1094 1706 1205 1747 δόξας
1221 1705 1286 1745 τὰς
1301 1717 1383 1754 περι
1401 1706 1533 1748 αὐτῶν,

221 1754 251 1788 εἰ
268 1754 344 1788 ἔστι
360 1754 518 1798 μεθεκτὰ
537 1754 580 1787 τὰ
600 1753 677 1797 εἴδη
696 1757 770 1786 τῶν
788 1754 924 1787 οὐσιῶν
940 1753 1137 1796 ἀναγκαῖον
1162 1752 1262 1791 ἰδέας
1289 1753 1380 1785 εἰναι
1388 1752 1533 1808 μόνον·

219 1801 262 1834 οὐ
298 1800 365 1845 γὰρ
397 1800 487 1834 κατὰ
522 1800 744 1845 συμβεβηκὸς
774 1800 991 1844 μετέχονται,
1030 1798 1116 1832 ἀλλὰ
1149 1799 1206 1832 δεῖ
1236 1799 1348 1858 ταύτῃ
1381 1796 1534 1832 ἑκάστου

218 1848 375 1891 μετέχειν
410 1844 433 1893 ᾗ
469 1846 517 1891 μὴ
554 1847 639 1880 καθ’
664 1846 902 1890 ὑποκειμένον
934 1846 1087 1889 λέγεται·
1129 1846 1216 1889 λέγω
1253 1845 1284 1878 δ’
1309 1843 1399 1887 οἷον,
1440 1845 1476 1878 εἰ
1502 1858 1537 1878 τι

219 1884 499 1927 αὐτοδιπλασίου
537 1893 684 1937 μετέχει,
732 1896 838 1926 τοῦτο
881 1905 940 1926 και
981 1892 1102 1925 ἄϊδίου
1136 1891 1279 1949 natrix&
1317 1891 1403 1925 ἀλλὰ
1445 1892 1536 1925 κατὰ

219 1940 452 1985 συμβεβηκός,
478 1939 676 1984 συμβέβηκε
700 1951 766 1982 γαρ
792 1943 840 1983 τῷ
869 1939 1044 1972 διπλασία·
1066 1938 1171 1983 αἰδίῳ
1198 1950 1306 1972 ειναι
1334 1938 1418 1971 ὥστ’
1436 1937 1537 1971 ἔσται

219 1986 344 2025 οὐσίας
367 1986 411 2019 τὰ
438 1986 514 2030 εἴδη
540 1985 652 2018 ταῦτα
679 1985 717 2018 δὲ
743 1983 906 2019 ενταῦθα
931 1997 968 2018 τε
994 1985 1122 2018 οὐσίαν
1147 1985 1312 2029 σημαίνει
1335 1985 1452 2018 κάκεῖ·

221 2039 326 2075 atque
359 2036 533 2067 rationem
566 2034 730 2066 habuisse
761 2034 956 2066 sententiae
991 2034 1306 2070 Commentatoris,
1339 2033 1399 2074 qui
1429 2034 1535 2064 verba

214 2082 364 2123 prolata
384 2081 475 2113 hunc
494 2081 528 2112 in
550 2080 692 2112 modum
713 2080 871 2112 illustrat
890 2080 1034 2121 (comm.
1057 2080 1109 2120 30,
1129 2080 1183 2111 ed.
1205 2080 1286 2113 Ven.
1306 2079 1442 2121 VIII,f.
1461 2079 1536 2120 10):

248 2151 255 2158 .
275 2127 528 2169 ‚praedicatio
555 2127 644 2158 enim
672 2135 792 2158 eorum
821 2126 864 2159 de
891 2127 969 2165 illis,
996 2135 1084 2168 quae
1109 2130 1191 2157 sunt
1215 2126 1276 2157 sub
1300 2126 1361 2164 eis,
1389 2135 1456 2157 non
1484 2129 1537 2157 est

222 2174 504 2212 accidentaliter,
535 2173 627 2205 sicut
652 2173 883 2214 praedicatio
911 2173 1149 2204 accidentium
1176 2171 1219 2204 de
1251 2172 1472 2210 substantiis,
1503 2175 1536 2203 et

221 2220 458 2253 accidentium
492 2219 534 2252 de
560 2228 596 2251 se
622 2219 670 2251 ad
703 2220 847 2251 invicem
869 2242 876 2250 .
897 2242 903 2250 .
924 2246 930 2252 .
952 2244 957 2251 .
977 2224 1010 2251 et
1036 2223 1189 2260 propter
1220 2218 1297 2257 hoc,
1329 2218 1423 2260 quod
1454 2222 1536 2249 sunt

221 2267 454 2305 necessariae,
487 2269 638 2307 oportet,
672 2270 714 2297 ut
745 2265 832 2297 sint
864 2275 953 2297 cum
986 2265 1064 2304 eis,
1102 2265 1151 2297 de
1184 2265 1333 2306 quibus
1360 2263 1535 2307 praedi-

218 2318 380 2351 cantur
412 2313 583 2345 eaedem
619 2311 658 2343 in
692 2316 803 2343 actu.
842 2311 982 2344 Deinde
1014 2310 1113 2343 dedit
1145 2320 1290 2342 causam
1326 2310 1359 2342 in
1393 2309 1469 2349 hoc,
1503 2314 1535 2342 et

221 2359 306 2391 dicit
339 2359 436 2400 quia
480 2357 797 2391 determinatio
836 2367 981 2389 eorum
1016 2367 1095 2389 non
1129 2361 1191 2389 est
1217 2366 1298 2399 per
1329 2356 1536 2388 accidens

221 2405 300 2447 quia
339 2405 593 2437 determinatio
631 2404 869 2437 subiectorum
910 2405 953 2436 ab
993 2404 1198 2443 universali,
1244 2413 1312 2435 non
1359 2406 1410 2435 est
1447 2403 1536 2434 sicut

221 2451 485 2490 determinatio,
519 2460 608 2492 quae
640 2455 690 2482 est
729 2451 762 2482 in
794 2450 1075 2493 praedicatione
1106 2449 1344 2482 accidentium
1378 2448 1420 2480 de
1457 2449 1536 2481 sub—

222 2498 369 2530 stantiis
395 2521 537 2531 .....
562 2496 637 2529 sed
675 2505 848 2529 necesse
885 2501 967 2535 est,
1012 2501 1055 2528 ut
1093 2495 1321 2537 quodlibet
1354 2495 1535 2536 praedi-

222 2544 427 2576 cabilium
458 2545 708 2586 formarum
747 2543 806 2574 sit
843 2542 1148 2575 determinans
1185 2541 1429 2574 essentiam
1469 2541 1537 2573 sui

222 2590 412 2622 subiecti
455 2588 761 2628 esentialiter‚
806 2599 896 2621 cum
944 2599 1023 2621 non
1064 2588 1359 2630 praedicetur
1404 2587 1452 2619 de
1491 2596 1535 2619 eo

222 2637 335 2668 sicut
367 2636 575 2668 accidens
607 2635 656 2667 de
689 2645 763 2667 suo
795 2636 999 2667 subiecto.
1037 2653 1082 2658 —
1121 2635 1279 2666 Similem
1307 2633 1435 2676 prodit
1461 2643 1535 2666 sen-

223 2683 369 2714 tentiam
397 2682 539 2714 Aristot.
566 2682 645 2712 Met.
664 2681 708 2712 VI
742 2681 790 2722 (in
824 2681 903 2713 edd.
937 2681 1091 2733 antiquis
1117 2681 1204 2722 VII),
1241 2690 1314 2721 cap.
1343 2679 1372 2719 5,
1398 2690 1421 2720 4
1453 2679 1535 2717 (Ed.

222 2729 307 2760 Ραν.
324 2729 363 2760 II
376 2730 459 2767 542,
476 2730 519 2760 12
535 2729 608 2768 ss..·)
641 2726 749 2769 δῆλον
773 2726 906 2769 τοίνυν,
938 2722 994 2758 ὅτι
1018 2724 1131 2769 μόνης
1155 2729 1219 2769 τῆς
1244 2724 1370 2762 οὐσίας
1395 2735 1491 2757 εστιν
1517 2722 1535 2756 ὁ

223 2771 386 2820 ὁρισμός·
421 2771 450 2806 εἰ
474 2785 541 2816 γαρ
566 2785 626 2806 και
651 2776 725 2804 τῶν
749 2771 865 2805 ἄλλων
890 2775 1126 2816 κατηγοριῶν,
1153 2771 1289 2814 ἀνάγκη
1315 2768 1352 2803 ἐκ
1377 2771 1535 2813 προσθε-

209 2826 314 2858 ’σεως
341 2821 431 2852 εἰναι
456 2832 486 2851 κ.
512 2831 540 2851 τ
568 2821 595 2852 7.

1378 2875 1398 2907 C>
