2056 3234
201 242 289 270 CAP·
312 243 348 270 II·
550 245 608 275 DE
636 244 757 275 ENTE
787 243 1206 274 PREDICAMENTALI.

200 351 466 399 participatur
488 363 556 386 sue
590 349 736 397 speciei
760 349 799 385 in
823 348 1071 396 perfecciori,
1106 357 1147 384 ut
1170 357 1315 385 natura
1339 348 1512 384 hominis

200 410 419 445 secundum
469 407 759 454 Philosophum
806 408 982 442 secundo
1032 406 1284 442 Phisicorum
1333 410 1407 451 240
1453 415 1510 442 est

200 466 288 503 finis
312 465 493 502 omnium
528 464 696 501 aliarum
731 463 957 512 specierum
990 463 1241 510 animalium,
1277 476 1512 500 mensurans

198 524 299 569 illas,
346 532 552 571 tamquam
595 522 726 558 media
764 521 950 557 ordinata
989 523 1039 557 ad
1078 521 1211 557 finem.
1258 523 1351 558 Ideo
1383 521 1513 569 philo-

167 581 408 629 5sophicum
449 588 506 616 est
538 592 700 628 ponere,
742 581 864 627 quod,
898 591 989 614 curn
1028 580 1151 615 homo
1189 579 1354 615 sortitus
1394 578 1513 615 fuerit

198 651 310 676 suam
335 638 627 686 perfeccionem
658 636 900 682 ultimatam,
931 638 1039 684 quod
1062 645 1156 673 tunc
1179 637 1349 673 cessabit
1372 649 1512 673 omnes

198 696 349 745 species
373 695 694 740 racionabilium,
726 704 763 730 et
787 694 1005 730 salvabitur
1027 703 1157 730 totum
1181 707 1303 742 genus
1327 693 1512 731 animalis

198 753 417 802 perfeccius
441 753 481 789 in
504 752 680 799 homine,
705 765 825 800 quam
852 751 1110 788 existentibus
1135 751 1268 788 multis
1291 751 1509 800 speciebus.

199 813 326 858 Unde,
367 811 470 847 sicut
509 824 590 847 non
619 810 776 858 perficit
808 822 988 857 regnum,
1024 811 1132 858 quod
1165 809 1242 846 sint
1273 822 1393 846 naves
1427 809 1510 845 eius

146 880 183 900 10
199 878 266 906 aut
300 878 430 905 cetera
463 869 740 912 instrumenta,
787 867 862 903 nisi
895 868 942 903 de
975 877 1126 915 quanto
1158 867 1386 904 necessaria
1419 876 1510 903 sunt

199 926 352 963 homini
383 926 607 974 navigacio,
642 924 843 973 equitacio
877 933 914 961 et
937 924 1096 970 similia,
1121 924 1177 961 sic
1198 938 1280 961 non
1302 924 1510 973 perficitur

198 985 370 1020 mundus
404 996 473 1032 per
506 985 594 1030 hoc,
619 984 726 1031 quod
760 991 850 1019 sunt
884 983 1019 1028 bestie,
1053 982 1129 1019 nisi
1162 984 1210 1018 de
1243 991 1394 1030 quanto
1419 991 1510 1018 sunt

197 1042 422 1078 necessarie
449 1041 603 1077 homini
636 1042 686 1077 ad
720 1053 845 1086 esum,
882 1040 1142 1076 excercicium
1175 1041 1236 1076 vel
1269 1040 1510 1085 doctrinam,

199 1109 236 1136 et
259 1099 313 1135 ita
335 1099 592 1136 senciendum
617 1107 675 1135 est
699 1099 745 1134 de
770 1097 980 1145 generibus
1010 1097 1284 1134 accidencium
1320 1110 1511 1146 quorum-

145 1156 181 1188 15
200 1170 383 1205 cumque,
417 1166 459 1193 ut
493 1165 625 1193 motus
651 1155 722 1192 celi
747 1165 804 1192 est
826 1155 1141 1203 perfectissimus
1165 1164 1298 1192 motus
1322 1155 1509 1204 simplex;

197 1215 288 1251 ideo
323 1223 502 1251 cessante
535 1214 603 1250 illo
644 1215 855 1250 cessabunt
895 1213 962 1249 alii
1001 1213 1216 1261 simplices,
1257 1222 1294 1249 et
1334 1208 1510 1249 manebit

198 1273 426 1309 eternaliter
449 1281 581 1309 motus
606 1271 931 1320 perfectissimus,
949 1284 1028 1319 quo
1052 1270 1215 1319 spiritus
1231 1270 1364 1319 quiete
1385 1271 1510 1307 fertur

197 1330 239 1366 in
271 1332 412 1368 Deum.

253 1388 396 1424 Tereia
429 1400 548 1424 causa
581 1387 636 1423 sic
665 1387 902 1423 ostenditur.
937 1388 1069 1423 Genus
1102 1386 1374 1434 generativum
1399 1386 1510 1434 prius

140 1454 182 1475 20
195 1446 433 1482 naturaliter
455 1445 556 1482 inest
579 1444 713 1493 generi
736 1445 884 1490 medio,
900 1457 1021 1492 quam
1045 1444 1191 1492 speciei
1209 1443 1508 1492 specialissime,

196 1503 317 1551 igitur
339 1503 436 1539 illud
460 1516 582 1551 genus
605 1502 889 1538 intermedium
913 1501 1023 1550 prius
1046 1501 1282 1538 naturaliter
1305 1510 1363 1538 est
1385 1514 1508 1549 genus

196 1561 484 1613 generativum,
510 1574 629 1609 quam
659 1560 811 1608 species
834 1559 1123 1608 specialissima
1156 1568 1213 1595 est
1246 1572 1368 1607 genus
1392 1572 1509 1607 genea

196 1618 382 1665 sativum,
417 1628 454 1655 et
476 1631 547 1666 per
571 1630 819 1665 consequens
842 1630 964 1665 genus
989 1617 1264 1666 generativum
1288 1617 1507 1653 secundum

196 1678 399 1724 quandam
435 1675 661 1724 analogiam
687 1675 832 1711 dicitur
856 1677 903 1711 de
926 1675 1016 1721 illis,
1044 1675 1137 1723 quia
1161 1675 1270 1723 prius
1294 1676 1342 1711 de
1365 1687 1508 1722 genere

140 1730 448 1776 25intermedio,
494 1743 530 1770 et
575 1733 776 1770 mediante
821 1733 889 1769 illo
936 1735 983 1770 de
1028 1733 1159 1781 specie
1198 1732 1421 1781 supposita,
1466 1741 1509 1768 ut

195 1791 235 1827 in
269 1793 464 1839 exemplo,
498 1791 606 1839 prius
640 1790 877 1827 naturaliter
916 1800 973 1827 est
1006 1790 1235 1827 substancia
1268 1790 1508 1838 incorporea

195 1849 437 1895 substancia,
472 1862 592 1897 quam
628 1858 683 1885 est
717 1850 838 1884 homo
871 1850 930 1885 vel
964 1849 1098 1896 aliqua
1130 1848 1209 1884 alia
1241 1848 1393 1896 species
1417 1849 1508 1884 sub-

194 1907 360 1953 stancia,
395 1909 503 1955 quod
535 1915 644 1955 patet
677 1906 751 1942 sic:
776 1906 885 1953 prius
918 1906 1155 1943 naturaliter
1188 1914 1246 1942 est
1277 1905 1508 1942 substancia

193 1964 445 2012 incorporea,
479 1977 599 2013 quam
634 1973 690 2000 est
723 1965 859 2010 homo,
894 1973 931 2000 et
963 1977 1084 2013 quam
1117 1963 1249 2011 primo
1272 1963 1509 2000 naturaliter

139 2019 180 2052 30
195 2031 251 2058 est
274 2022 502 2059 substancia
522 2022 775 2070 incorporea,
807 2031 887 2058 tam
912 2022 1044 2069 primo
1072 2021 1308 2058 naturaliter
1331 2031 1388 2058 est
1419 2021 1508 2069 ipsa

194 2080 436 2127 substancia,
476 2092 569 2128 ergo
608 2079 717 2128 prius
757 2079 994 2116 naturaliter
1027 2088 1084 2116 est
1116 2079 1345 2116 substancia
1376 2079 1507 2116 incor-

264 2223 272 2241 1
301 2213 390 2241 C2d.
388 2223 394 2229 ·
415 2214 527 2248 speciei
548 2215 578 2242 in
601 2215 780 2254 perfecciori
801 2215 880 2242 ultra
901 2214 959 2242 hoc
980 2214 1062 2253 quod
1085 2214 1287 2249 paiticipatur
1308 2222 1360 2240 sue
1381 2213 1504 2247 speciei.

194 2247 293 2276 11-13.
321 2249 491 2284 navigacio,
518 2250 669 2284 equitat-io
689 2264 721 2269 -—
741 2249 913 2277 necessaria
939 2249 1056 2277 homini
1082 2249 1119 2276 ab
1139 2250 1238 2276 altera
1264 2256 1356 2276 manu
1376 2249 1407 2275 in
1427 2255 1506 2275 mar-

193 2295 268 2330 „ine
287 2295 355 2323 cod.
376 2296 555 2331 suppletum.
629 2303 674 2323 20.
699 2294 792 2323 Cod.:
819 2285 866 2323 ie
878 2296 928 2322 hoi
950 2288 1012 2331 gui.

265 2389 294 2410 2.
328 2379 466 2410 Aristot.
494 2380 569 2410 Nat.
596 2379 701 2411 Ausc.
734 2379 761 2411 ΙΙ
789 2389 819 2420 2,
846 2378 866 2410 6
899 2379 979 2419 (Ed.
1006 2379 1089 2411 Par.
1120 2378 1156 2410 II
1180 2380 1266 2418 263,
1297 2378 1369 2419 31);
1407 2377 1506 2408 Ἐπει

195 2422 233 2455 δὲ
259 2426 426 2456 ποιοῦσιν
451 2423 489 2455 αἱ
514 2423 633 2467 τέχναι
658 2422 724 2466 τὴν
753 2424 851 2467 ὕλην,
884 2423 921 2456 αἱ
952 2422 1018 2467 μὲν
1049 2423 1182 2465 ἀπλως,
1214 2421 1251 2454 αἱ
1283 2421 1322 2455 δὲ
1349 2420 1504 2465 εὐρεγόν,

194 2468 265 2501 καὶ
312 2469 524 2513 χρώμεθα
566 2468 622 2508 ὡς
662 2468 785 2512 ἡμων
825 2468 953 2502 ἕνεκα
995 2469 1173 2502 πάντων
1188 2466 1507 2525 ὑπαρχόντων

195 2512 316 2558 (ἐσμὲν
339 2515 405 2558 γάρ
432 2528 510 2554 πως
534 2514 594 2548 καὶ
620 2514 721 2558 ἡμεῖς
745 2516 861 2554 τέλος·
889 2515 997 2559 διχῶς
1012 2514 1079 2558 γὰρ
1098 2515 1139 2548 τὸ
1158 2512 1202 2548 οὗ
1219 2513 1339 2548 ἕνεκα
1367 2513 1506 2557 εἴρηται

194 2559 233 2593 δὲ
259 2559 297 2593 ἐν
322 2563 398 2599 τοῖς
421 2561 503 2605 περὶ
529 2561 762 2604 φιλοσοφίας)
789 2562 854 2595 δύο
881 2561 925 2603 δὴ
952 2560 989 2594 αἱ
1014 2561 1188 2604 ἄρχουσαι
1213 2565 1278 2604 τῆς
1301 2560 1397 2604 vine,
1417 2572 1505 2604 quae

194 2609 300 2640 veiha
322 2610 495 2640 Averroes
515 2611 607 2641 hunc
625 2610 657 2640 in
686 2610 827 2641 modum
855 2613 1118 2641 commentatur
1143 2618 1304 2640 summae
1329 2609 1505 2640 secundae

195 2664 272 2696 cap.
303 2655 358 2686 III
381 2655 548 2695 (sectione
575 2656 648 2696 24).
676 2656 724 2686 Et
750 2656 965 2693 intendebat,
992 2655 1085 2697 quod
1101 2655 1188 2697 finis
1215 2655 1347 2686 dicitur
1372 2654 1505 2686 duobus

197 2700 320 2740 modis,
360 2706 423 2732 aut
455 2701 542 2733 sicut
575 2701 736 2740 dicimus,
775 2702 867 2742 quod
891 2701 1021 2742 forma
1055 2705 1106 2733 est
1129 2701 1220 2743 finis
1253 2701 1440 2737 materiae,
1471 2704 1505 2731 et

195 2746 293 2786 illud,
320 2747 370 2778 ad
388 2747 479 2789 quod
499 2748 664 2788 pervenit
690 2756 755 2785 res,
782 2751 835 2779 est
850 2747 939 2789 finis
966 2747 1036 2778 rei:
1061 2750 1094 2778 et
1120 2746 1311 2778 secundum
1338 2745 1403 2778 hoc
1421 2746 1505 2778 dici-

181 2802 282 2833 vmus‚
320 2792 414 2834 quod
449 2792 554 2825 homo
591 2797 643 2825 est
669 2793 756 2836 finis
794 2802 910 2826 rerum
949 2796 1157 2826 creatarum
1191 2796 1344 2835 propter
1380 2792 1504 2834 ipsum.

201 2848 248 2873 τῆ.
278 2840 363 2873 Gen,
390 2841 416 2872 1,
446 2840 475 2871 2.
