2056 3234
199 142 277 189 304

199 1071 253 1100 IV.
274 1070 475 1099 conclusion„

206 1833 280 1860 Last
290 1832 481 1860 conclusion.

986 146 1153 178 Johannis
1179 145 1301 177 Wiclif
1566 142 1691 177 Quaest.
1713 141 1791 169 XIII.

485 253 650 302 propria
683 252 902 301 respectiva
936 251 1218 300 cognoscendi,
1258 251 1319 287 vel
1357 250 1508 298 species
1541 251 1602 286 vel
1634 249 1793 285 habitus

485 310 754 360 cognoscendi
786 311 958 346 habeant
991 322 1032 346 se
1064 318 1107 345 ut
1142 321 1327 344 mensura
1358 308 1419 344 vel
1452 307 1577 355 magis
1611 307 1795 343 accidens

486 371 535 416 agl
580 369 805 414 univocam,
851 367 1039 415 potencia
1078 375 1211 403 autem
1257 365 1483 402 essencialis
1529 365 1796 413 cognoscendi

486 429 631 464 habeat
664 438 703 462 se
736 427 785 462 ad
818 424 1110 473 perfeccionem
1149 424 1273 470 illam,
1312 432 1355 459 ut
1396 435 1583 459 mensura
1626 423 1796 470 analoga

485 486 546 522 vel
586 483 711 532 magis
751 483 901 519 distans
941 496 963 519 a
1002 495 1189 518 mensura
1229 480 1412 527 univoca,
1458 480 1616 517 idonius
1661 484 1829 516 tamen5

487 542 674 591 potencia
689 540 929 577 insensibilis
949 538 1216 588 cognoscendi
1240 548 1296 575 est
1311 551 1498 575 mensura
1513 537 1799 575 racionabilior

488 610 525 637 et
556 599 687 637 verior
719 598 956 646 simpliciter
989 607 1026 634 et
1059 610 1138 646 quo
1171 599 1221 634 ad
1253 606 1440 633 naturam
1474 604 1658 644 respectu
1690 595 1796 631 illius

489 657 763 707 perfeccionis,
804 669 924 704 quam
965 655 1153 704 potencia
1191 654 1414 702 respectiva
1446 655 1507 690 vel
1546 653 1704 690 habitus
1736 653 1797 690 vel

488 715 653 764 species,
692 715 784 751 licet
823 714 890 750 illa
929 726 1048 750 causa
1080 714 1300 749 secundum
1335 713 1443 761 quod
1480 721 1597 760 putas
1637 725 1716 759 quo
1749 712 1798 747 ad

488 786 560 810 nos
604 785 744 809 omnes
790 784 974 808 mensure
1019 770 1215 807 cerciores
1262 779 1299 807 et
1342 769 1527 806 nociores
1568 782 1688 817 quam
1729 782 1858 817 po—10

488 830 620 868 tencia
653 829 881 867 essencialis
915 828 1196 877 cognoscendi,
1231 828 1333 865 sicut
1357 830 1463 864 Deus
1484 836 1541 864 est
1564 826 1801 875 simpliciter

489 887 771 938 potentissima
794 896 978 924 creatura
1002 895 1038 922 et
1062 898 1219 922 summe
1241 898 1335 922 vera
1358 898 1545 921 mensura
1573 885 1799 929 effectuum,

490 947 581 983 licet
619 945 669 982 sit
711 958 925 993 corporum
962 957 1151 980 mensura
1197 943 1366 980 maxime
1412 944 1594 991 analoga,
1644 955 1801 979 summe

491 1016 678 1041 mensura
710 1003 880 1040 univoca
911 1002 1052 1039 talium
1088 1002 1299 1038 effectuum
1335 1001 1498 1037 distans.
1529 1000 1533 1051 Ι
1817 1005 1855 1036 F.
1873 1004 1951 1036 202¹

549 1064 793 1099 CONCLUSIO
817 1067 1007 1102 QUARTA:
1051 1061 1243 1096 Vocando
1292 1059 1499 1095 veritatem
1545 1059 1680 1104 talem,
1732 1063 1858 1105 per15

491 1133 613 1168 quam
646 1119 725 1156 alia
759 1117 1076 1155 connaturaliter
1108 1117 1254 1154 dicitur
1277 1129 1347 1165 per
1370 1129 1410 1153 se
1443 1116 1621 1153 medium
1656 1128 1801 1163 cogno-

491 1177 640 1223 scendi,
680 1186 775 1213 tunc
814 1178 862 1212 ab
897 1175 1032 1223 aliquo
1065 1175 1136 1211 tali
1171 1175 1303 1211 medio
1344 1175 1432 1222 plus
1473 1183 1530 1211 est
1568 1173 1803 1221 accipienda

491 1235 690 1284 perfeccio
736 1233 998 1282 cognicionis,
1051 1246 1172 1281 quam
1218 1246 1240 1269 a
1283 1232 1469 1280 potencia
1513 1232 1639 1280 ipsius
1685 1243 1803 1268 cause

491 1294 666 1330 secunde
699 1291 977 1340 cognoscentis
1011 1292 1059 1327 ab
1093 1291 1228 1339 aliquo
1269 1290 1414 1326 minus.
1460 1292 1669 1335 Probatur,
1709 1289 1804 1336 quia

491 1351 668 1399 primum
714 1359 912 1386 motorem
959 1361 1042 1385 esse
1081 1348 1276 1385 obiective
1321 1349 1409 1396 plus
1455 1356 1593 1384 causat
1632 1356 1669 1383 et
1708 1346 1862 1383 facit2o

491 1408 785 1457 perfeccionem
820 1400 1065 1455 cognicionis
1098 1408 1147 1442 de
1178 1406 1246 1442 illa
1268 1405 1446 1442 veritate.
1481 1405 1638 1441 Primus
1671 1413 1804 1441 motus

494 1475 551 1503 est
596 1479 686 1502 cum
739 1478 859 1502 causa
903 1465 1078 1501 secunda
1123 1472 1400 1512 cognoscente,
1448 1476 1568 1512 quam
1615 1462 1803 1510 potencia

493 1536 747 1572 quecumque
779 1523 885 1559 illius
910 1535 1027 1559 cause
1050 1523 1222 1558 secunde
1255 1530 1356 1557 esset
1380 1530 1417 1557 et
1439 1521 1559 1557 faciat
1581 1520 1690 1557 illam
1715 1533 1802 1568 per-

492 1581 713 1618 feccionem
755 1583 804 1617 ad
849 1580 1002 1629 aliquid
1048 1579 1224 1616 medium
1271 1580 1429 1615 causale
1474 1578 1625 1624 dabile;
1673 1578 1804 1614 minus

496 1649 633 1677 causat
667 1648 703 1675 et
726 1639 820 1675 facit
843 1638 1137 1686 perfeccionem
1173 1636 1417 1685 cognicionis
1450 1638 1498 1673 de
1529 1650 1601 1673 suo
1626 1645 1803 1682 causam,
1822 1640 1861 1672 25

494 1711 614 1746 quam
654 1696 841 1745 potencia
878 1696 1023 1733 nobilis
1063 1695 1331 1743 cognoscendi
1370 1694 1410 1730 in
1450 1707 1569 1731 causa
1615 1695 1803 1731 secunda.

495 1756 619 1803 Igitur
652 1754 855 1791 conclusio
887 1766 993 1791 vera.

554 1814 799 1850 CONCLUSIO
820 1817 998 1846 ULTIMA:
1033 1810 1235 1847 Perfeccio
1265 1809 1508 1858 cognicionis
1532 1822 1613 1846 non
1638 1818 1694 1846 est
1717 1810 1805 1857 plus

497 1870 733 1918 accipienda
766 1882 788 1906 a
821 1868 954 1905 medio
986 1882 1057 1917 per
1089 1869 1275 1905 accidens
1308 1867 1587 1916 cognoscendi,
1623 1880 1743 1916 quam
1784 1880 1806 1903 a

497 1927 683 1977 potencia
718 1927 1004 1975 cognoscendi3
1038 1935 1161 1974 patet,
1196 1926 1289 1974 quia
1318 1925 1505 1974 potencia
1540 1924 1806 1973 cognoscendi
1823 1930 1866 1962 30

498 1995 681 2035 respectu
719 1985 810 2021 talis
848 1984 1110 2032 perfeccionis
1155 1993 1212 2021 est
1255 1996 1375 2020 causa
1413 1996 1483 2032 per
1527 1996 1580 2029 se,
1628 1983 1805 2020 medium

497 2053 630 2081 autem
663 2044 724 2079 vel
757 2056 837 2079 non
871 2051 927 2078 est
961 2055 1078 2078 causa
1111 2042 1217 2078 illius
1260 2041 1520 2089 perfeccionis
1553 2042 1613 2077 vel
1651 2050 1805 2077 tantum

498 2115 568 2150 per
612 2101 811 2146 accidens,
863 2100 1016 2136 scilicet
1065 2112 1136 2148 per
1180 2112 1220 2136 se
1272 2099 1448 2135 effective
1500 2111 1667 2135 causans
1719 2099 1807 2146 plus

499 2168 637 2196 causat
670 2167 707 2195 et
738 2158 968 2206 principiat,
1002 2171 1124 2206 quam
1157 2170 1228 2205 per
1261 2157 1447 2193 accidens
1480 2165 1650 2193 tantum.
1685 2156 1808 2204 Igitur

499 2216 705 2253 conclusio
738 2229 844 2253 vera.
1825 2217 1864 2251 35

557 2277 632 2311 Iste
674 2275 750 2310 due
793 2273 1067 2310 conclusiones
1101 2272 1287 2309 videntur
1329 2285 1565 2320 repugnare,
1600 2271 1694 2320 quia
1734 2271 1810 2307 ista

500 2332 609 2379 dicit,
642 2333 749 2380 quod
781 2331 966 2379 potencia
999 2339 1055 2366 est
1089 2343 1208 2367 causa
1240 2343 1311 2378 per
1342 2343 1395 2376 se,
1429 2339 1466 2366 et
1490 2329 1665 2366 medium
1691 2341 1810 2366 causa

500 2403 572 2438 per
614 2389 820 2434 accidens;
867 2389 1056 2425 existente
1101 2401 1195 2436 ergo
1240 2400 1495 2436 quocumque
1540 2388 1685 2433 medio,
1731 2387 1810 2423 sive

501 2447 633 2484 taliter
665 2447 744 2483 sive
776 2460 870 2492 non,
905 2456 1000 2482 tunc
1030 2446 1169 2494 pocius
1203 2446 1277 2482 erit
1309 2459 1331 2482 a
1363 2445 1551 2494 potencia
1577 2445 1810 2493 accipienda

503 2519 561 2551 eo,
596 2506 703 2553 quod
736 2518 758 2541 a
791 2517 861 2553 per
893 2517 932 2540 se
965 2517 1084 2541 causa
1123 2505 1210 2552 plus
1244 2513 1301 2540 est
1341 2503 1588 2552 accipienda,
1629 2516 1748 2551 quam
1789 2515 1868 2548 a4o

501 2575 572 2611 per
604 2563 790 2599 accidens
824 2575 955 2598 causa.
990 2561 1112 2610 Igitur
1136 2590 1144 2598 .
1170 2591 1177 2598 .
1204 2591 1211 2598 .

573 2774 601 2803 9,
623 2774 662 2794 10.
680 2765 774 2793 Cod.:
792 2756 832 2803 ᾆῖ)
853 2766 950 2793 aduos
971 2766 1046 2801 (sic).
