2056 3234
239 207 324 258 ¹38

281 444 309 471 6.
332 445 536 481 collectively;

308 625 334 652 7.
356 625 462 645 means
483 626 518 645 or

274 661 380 687 power
394 653 429 680 of
445 652 546 687 acting

319 687 503 723 virtuously.

333 1136 401 1164 The
422 1138 482 1165 real

274 1172 420 1206 meaning
440 1172 475 1200 of
491 1172 540 1199 the

303 1206 389 1234 word
410 1207 467 1234 lies
487 1206 516 1234 in

285 1242 335 1268 the
355 1241 533 1275 expression

301 1276 518 1311 superstantia.

1002 210 1225 243 JOHANNis
1251 209 1419 240 WICLiF
1720 206 1809 234 CAP.
1830 206 1869 235 V.

563 328 695 355 mento
730 320 875 355 habere
907 317 1178 353 substanciam
1224 324 1356 364 preter
1400 315 1481 361 illa,
1527 328 1604 363 que
1647 314 1722 351 sibi
1767 315 1870 352 acci-

561 376 774 413 dentaliter
805 376 951 412 insunt.

619 435 697 471 Sed
730 442 837 470 sexto
871 432 1068 480 accipitur
1096 429 1325 467 substancia
1349 430 1603 478 aggregative
1635 443 1708 478 pro
1734 430 1869 467 multis

562 492 751 538 collectis,
785 500 827 527 ut
860 490 1044 538 populus,
1081 488 1260 534 ecclesia,
1295 500 1441 536 genere
1474 488 1648 524 hominis
1682 497 1719 525 et
1752 497 1868 537 quot-

561 550 658 586 libet
691 549 900 585 similibus.

620 607 801 655 Septimo
852 618 945 642 vero
991 604 1186 652 accipitur
1229 616 1302 651 pro
1348 603 1515 648 diviciis,
1570 616 1646 652 que
1698 605 1870 640 subsunt

563 666 754 710 virtuoso,
802 674 844 700 ut
877 663 951 700 sibi
985 662 1184 699 ministret
1216 663 1267 698 ad
1299 674 1421 709 opera
1453 661 1643 698 virtuosa.
1689 662 1870 699 Perfecta

562 722 711 760 noticia
744 720 1065 771 equivocacionis
1098 719 1318 768 signorum,
1365 732 1456 755 cum
1496 718 1631 755 debito
1663 719 1870 756 intellectu

562 782 809 829 signatorum
829 789 886 816 est
905 791 1051 827 magna
1075 777 1278 826 expedicio
1302 778 1352 813 ad
1375 776 1684 824 concipiendum
1708 777 1871 814 distinc-

563 839 695 875 ciones
719 850 868 884 rerum,
891 846 933 873 ut
958 846 1066 885 patet
1085 848 1155 883 per
1171 837 1367 872 Ursonem
1392 834 1431 870 in
1453 834 1869 883 ultimoAphorisn103

562 897 663 933 sicut
688 896 838 932 dictum
864 905 921 932 est
945 896 992 931 de
1016 893 1259 939 substancia,
1284 893 1339 928 ita
1363 893 1515 929 dictum
1539 901 1596 929 est
1621 894 1668 929 de
1692 893 1869 940 homine,

563 954 726 991 animali
760 962 797 990 et
831 953 972 990 ceteris
1006 951 1259 988 inferioribus
1283 951 1525 997 substancia,
1560 959 1603 986 ut
1625 960 1716 999 post
1739 952 1870 988 decla-

562 1012 728 1057 rabitur,
763 1011 990 1059 specialiter
1024 1011 1071 1046 de
1095 1008 1269 1055 homine,
1305 1008 1371 1057 qui
1396 1017 1527 1056 potest
1551 1009 1870 1057 quadrupliciter

562 1069 740 1118 intelligi.

621 1127 708 1164 Istis
740 1126 945 1175 premissis
979 1125 1080 1171 dico,
1127 1126 1234 1173 quod
1268 1124 1377 1161 racio
1411 1123 1638 1160 substancie
1684 1133 1741 1160 est
1780 1127 1871 1161 sub-

563 1195 667 1222 stare
700 1184 885 1233 potencie
917 1193 953 1220 et
986 1183 1106 1229 actui,
1152 1182 1253 1219 sicut
1297 1182 1376 1218 suis
1422 1181 1648 1218 intrinsecis
1680 1182 1869 1219 fundatis.

563 1245 668 1289 Ideo,
713 1243 862 1279 utendo
908 1241 1081 1277 termino
1126 1240 1264 1286 latino,
1310 1240 1351 1277 in
1383 1239 1664 1288 supposicione
1697 1240 1871 1289 simplici

561 1301 717 1338 xidetur
750 1300 861 1346 mihi,
907 1300 1013 1347 quod
1048 1311 1223 1346 congrue
1254 1307 1466 1335 vocaretur
1498 1297 1789 1346 superstancia,
1835 1307 1872 1335 et

561 1359 652 1396 talis
687 1359 907 1395 secundum
926 1356 1117 1393 Boecium
1150 1356 1190 1392 in
1224 1365 1454 1393 commento
1487 1356 1619 1392 solum
1654 1365 1712 1392 est
1733 1356 1774 1392 in
1797 1357 1872 1393 hoc

562 1417 864 1465 predicamento
896 1428 967 1463 per
999 1427 1058 1461 se,
1092 1414 1292 1462 principia
1324 1423 1457 1451 autem
1494 1413 1590 1460 eius,
1623 1422 1667 1450 ut
1699 1423 1810 1451 actus
1835 1423 1871 1451 et

562 1474 759 1523 potencia,
805 1482 897 1509 sunt
941 1485 1012 1521 per
1056 1472 1338 1509 reduccionem
1385 1471 1424 1507 in
1469 1472 1545 1508 hoc
1578 1483 1735 1520 genere.
1789 1475 1871 1509 Nec

562 1533 694 1577 refert,
728 1531 872 1580 quibus
905 1531 1032 1567 verbis
1066 1530 1312 1578 exprimatur
1343 1529 1418 1566 ista
1452 1529 1573 1575 racio,
1609 1531 1701 1566 dum
1736 1539 1872 1567 tamen

561 1603 656 1627 sane
688 1588 931 1637 concipitur;
976 1598 1019 1624 ut
1052 1588 1119 1624 alii
1152 1587 1379 1635 exprimunt
1412 1587 1529 1624 istam
1564 1586 1768 1624 racionem
1802 1601 1872 1636 per

561 1661 614 1694 se,
668 1647 735 1684 alii
774 1660 844 1695 per
882 1646 960 1683 dici
994 1645 1168 1694 proprie,
1214 1645 1490 1693 principaliter
1529 1654 1566 1681 et
1599 1645 1783 1691 maxime,
1830 1655 1872 1682 ut

562 1707 680 1742 habet
724 1714 851 1741 textus
885 1703 1121 1752 Philosophi
1167 1703 1343 1751 capitulo
1388 1705 1436 1740 de
1475 1703 1716 1740 substancia.
1772 1705 1870 1740 Sub—

560 1763 713 1800 stancia
747 1762 851 1799 enim
887 1762 1048 1810 proprie
1082 1771 1152 1807 est,
1198 1774 1289 1798 cum
1334 1761 1383 1797 sit
1422 1774 1483 1798 res
1516 1762 1699 1797 absoluta
1732 1762 1780 1797 ab
1814 1761 1872 1797 in-

560 1821 757 1865 herencia,
813 1819 1037 1856 cuiusmodi
1088 1832 1169 1856 non
1221 1828 1312 1855 sunt
1364 1818 1606 1865 accidencia,
1661 1831 1737 1867 que
1789 1832 1871 1856 non

560 1881 709 1916 habent
742 1891 825 1915 esse
857 1878 932 1914 nisi
965 1878 1159 1924 inherere,
1210 1890 1300 1914 cum
1346 1877 1483 1913 omnia
1527 1876 1605 1913 sint
1637 1876 1747 1913 modi
1781 1878 1871 1913 sub-

560 1936 820 1973 stanciarum.
866 1937 958 1972 Ideo
992 1935 1138 1972 dicitur
1170 1935 1332 1983 proprie
1364 1934 1608 1981 substancia,
1655 1943 1692 1971 et
1725 1934 1871 1982 princi-

560 1994 705 2043 paliter
738 1993 896 2039 dicitur,
944 2006 1034 2030 curn
1080 1993 1266 2041 potencia
1311 2002 1347 2029 et
1380 2002 1492 2029 actus
1525 2005 1606 2029 non
1638 2002 1729 2029 sunt
1763 2005 1871 2029 com-

559 2053 667 2100 pleta
700 2052 824 2098 encia,
858 2053 927 2088 sed
959 2051 1214 2099 incomplete,
1248 2060 1291 2087 ut
1314 2050 1563 2088 constituunt
1585 2059 1728 2096 totum,
1763 2052 1872 2099 quod

633 2187 681 2208 10.
709 2177 763 2208 De
793 2177 938 2208 Ursonis
976 2176 1175 2208 scholastici
1213 2176 1437 2218 Aphorismis
1473 2178 1517 2219 cf.
1551 2185 1640 2218 quae
1674 2175 1872 2217 disputavit

558 2224 716 2260 Lechler,
748 2223 904 2265 Trialog.
934 2224 983 2253 87
1009 2226 1090 2261 not„
1123 2223 1220 2255 cuius
1253 2224 1360 2255 verba
1387 2223 1629 2265 expressimus
1655 2222 1688 2254 in
1717 2222 1872 2255 editione

558 2273 682 2301 nostra
703 2273 878 2300 tractatus
896 2268 953 2300 De
965 2269 1229 2310 Compositione
1239 2269 1415 2307 Hominis,
1436 2280 1472 2310 p.
1498 2270 1545 2307 71,
1563 2273 1635 2301 not.
1713 2279 1761 2311 19.
1780 2269 1872 2300 For-

558 2321 652 2347 tasse
678 2316 798 2347 allusit
820 2315 1002 2356 W‘iclifad
1021 2315 1138 2346 Boetii
1156 2316 1262 2347 verba
1282 2316 1316 2347 in
1336 2316 1425 2347 libro
1445 2315 1505 2347 III
1521 2315 1869 2347 Commentariorum

558 2363 591 2393 in
625 2361 864 2404 Porphyrium
895 2363 1004 2404 facta
1043 2362 1185 2404 (Aligne
1220 2363 1351 2394 Cursus
1387 2361 1522 2394 Patrol.
1555 2361 1678 2393 LXIV
1698 2362 1772 2392 108
1797 2360 1869 2402 D).-

560 2408 731 2448 Superius
758 2408 879 2449 posita
913 2407 1104 2448 desc›ipt1'o
1138 2408 1299 2439 ordinem
1333 2419 1353 2439 α
1385 2407 1657 2449 generalissimo
1690 2417 1796 2448 usque
1821 2407 1870 2439 ad

557 2454 744 2485 individua
767 2453 1053 2494 praedicationis
1079 2454 1242 2491 ostendit,
1284 2455 1317 2486 in
1345 2465 1414 2496 qua
1440 2455 1579 2495 quidem
1612 2453 1868 2485 substantia

556 2500 944 2541 generalissimum
984 2500 1150 2531 dicitur
1183 2509 1334 2542 genus,
1375 2501 1541 2540 quoniam
1572 2500 1784 2541 praeposita
1819 2503 1869 2532 esi·

556 2545 727 2583 omnibus,
754 2546 839 2576 nulli
857 2555 940 2577 vero
960 2546 1035 2587 ipsa
1055 2547 1277 2588 supponitur,
1304 2550 1341 2578 et
1366 2547 1497 2578 solum
1525 2556 1662 2589 genus
1682 2551 1870 2587 propter

558 2592 739 2623 eandem
780 2591 914 2623 dicitu
929 2603 946 2622 r
978 2602 1154 2624 causam
1184 2593 1241 2630 (=
1265 2592 1387 2634 W'iclif
1408 2593 1521 2623 solum
1548 2593 1581 2623 in
1608 2592 1867 2633 predicamento

557 2647 618 2679 per
644 2643 706 2675 se)
844 2637 896 2669 25.
924 2637 1065 2669 Textus.
1093 2639 1271 2670 Nimiizcm
1302 2649 1348 2671 ex
1375 2639 1565 2680 Categoriis
1593 2639 1681 2679 (cap.
1709 2639 1725 2671 3
1755 2638 1804 2679 (5)
1838 2640 1867 2675 Ι)

557 2683 703 2715 haustus
718 2688 767 2715 est
786 2684 880 2715 locus
899 2694 920 2714 cz
938 2684 982 2714 W
984 2684 1086 2730 iclifio
1101 2695 1317 2717 commemffl
1322 2690 1401 2717 atus
1417 2685 1497 2725 (Ed.
1513 2686 1589 2717 Ραι
1593 2684 1632 2715 is.
1648 2684 1667 2715 I
1680 2686 1712 2724 2,
1728 2685 1776 2715 39
1789 2684 1866 2723 ss.:)

558 2727 675 2760 Οὐσία
701 2728 739 2760 δέ
765 2725 861 2760 ἐστιν
889 2726 908 2770 ἡ
935 2729 1140 2770 κυριώτατά
1166 2741 1203 2762 τε
1228 2728 1287 2762 na}
1317 2729 1473 2772 πρώτως
1499 2728 1557 2762 καὶ
1589 2729 1742 2771 μάλιστα
1771 2730 1867 2771 λεγο-

556 2774 655 2816 μένῃ,
684 2772 705 2816 ἣ
730 2773 819 2817 μήτε
846 2774 931 2806 καθ
951 2773 1187 2818 ὑποκδιμέτου
1207 2777 1302 2814 τινὸς
1318 2775 1464 2818 λέγεται,
1482 2776 1571 2820 μήτε
1588 2772 1627 2808 ἐν
1643 2774 1866 2819 ὑποκειμένῳ

557 2832 625 2852 ‘nvi
650 2832 755 2852 SUUM).

1887 547 1902 579 5

1890 847 1928 868 10

1891 1125 1927 1157 15
