2056 3234
234 156 312 201 276
1015 164 1181 196 Johannis
1207 165 1329 196 Wiclif
1607 163 1733 198 Quaest.
1748 163 1829 191 VIII.

520 271 636 305 rebus
661 270 798 305 mundi
822 270 1081 318 intelligibilis
1105 273 1340 317 ascendere;
1371 285 1447 320 que
1471 272 1631 320 quidem
1658 272 1832 309 sciencia

521 328 875 375 expendiosissime
899 337 955 364 est
978 329 1092 365 nobis
1116 330 1276 375 tradita,
1308 329 1375 366 ubi
1400 329 1546 366 dicitur
1567 331 1655 366 Joh.
1679 330 1831 378 primo:

519 387 653 430 ‘Quod
696 386 843 421 factum
892 395 950 422 est
995 386 1035 422 in
1079 387 1179 435 ipso,
1224 387 1304 423 vita
1342 390 1456 433 erat’,
1503 387 1610 436 quia,
1655 396 1698 424 ut
1738 387 1834 424 dicit

520 444 660 479 beatus
692 443 951 491 Augustinus,
991 444 1058 480 ubi
1091 457 1223 493 supra,
1265 458 1326 481 res
1358 445 1463 481 illius
1497 445 1650 491 mundi,
1684 445 1834 482 scilicet

523 500 701 537 raciones
746 510 902 537 eternas
948 510 985 538 et
1028 502 1428 539 incommunicabiles
1473 503 1719 540 intendendo
1765 503 1868 539 fiat5

523 559 656 595 anima
690 560 820 595 beata.

266 623 472 694 3133?dess
581 619 692 652 Patet
709 616 772 652 hic
790 617 969 663 ulterius,
987 619 1093 666 quod
1111 618 1404 666 contemplacio
1421 619 1596 655 Platonis
1613 620 1833 655 secundum

295 693 446 721 Aristone
522 674 754 710 interiorem
796 675 999 711 hominem
1040 677 1087 712 de
1127 677 1244 712 rebus
1278 676 1417 712 mundi
1451 676 1709 725 intelligibilis
1742 690 1835 713 con-

246 728 492 798 Ρΐῖῖῑῖῑὲῗῐξὲῐῃ
523 731 763 768 sideracioni
815 732 1039 769 Aristotelis
1088 735 1135 770 de
1181 736 1296 770 rebus
1350 734 1466 771 huius
1521 735 1658 771 mundi
1710 735 1836 771 nostri

245 799 294 825 the
315 798 497 825 immutable
523 790 720 826 sensibilis
744 791 861 838 longe
885 800 941 827 est
965 792 1212 839 preferenda.
1238 793 1328 839 Sed,
1354 792 1448 841 quia
1470 801 1513 829 ut
1537 793 1836 839 conswevimus,
1857 808 1895 828 10

278 834 467 902 flui‘iuiiiffiig,
523 847 577 884 ita
611 848 824 896 dignamur
857 849 947 896 dici,
992 862 1074 886 non
1119 859 1176 886 est
1216 850 1376 896 mirum,
1423 850 1454 887 si
1492 851 1639 887 sanctis
1679 859 1716 887 et
1749 851 1836 887 aliis

241 900 500 964 ‘vssgffifss'sissttffle
524 906 770 953 sapientibus
824 908 899 943 hoc
952 907 1173 944 dicentibus
1227 908 1446 956 aliquando
1494 909 1624 945 minus
1672 909 1837 957 provide

302 980 438 1007 process.
525 966 777 1012 derogamus.
802 967 882 1001 Nec
904 965 1007 1001 valet
1029 966 1146 1001 hodie
1162 968 1481 1013 Commentator,
1505 968 1613 1015 quod
1628 979 1837 1014 processus

523 1022 748 1058 Aristotelis
801 1035 823 1058 a
881 1023 1134 1059 sensibilibus
1193 1025 1242 1060 ad
1304 1024 1571 1072 intelligibilia
1632 1025 1837 1072 processui

525 1081 702 1117 Platonis
726 1082 773 1116 de
808 1081 1010 1117 contrario
1043 1081 1091 1118 sit
1124 1082 1276 1118 cercior
1300 1091 1336 1119 et
1369 1083 1483 1119 nobis
1517 1083 1836 1130 conveniencior,
1858 1086 1893 1119 15

525 1138 620 1186 quia
664 1138 853 1175 stabilitis
891 1140 1020 1185 rebus,
1068 1152 1166 1188 quas
1200 1141 1312 1176 Plato
1350 1142 1470 1188 ydeas
1508 1150 1637 1187 vocat,
1684 1153 1728 1177 ex
1766 1153 1839 1189 per

525 1209 565 1232 se
597 1196 702 1233 notis
736 1196 1033 1233 insensibilibus
1066 1210 1137 1246 per
1170 1198 1561 1235 demonstracionem
1596 1198 1837 1235 ostensivam

524 1255 584 1290 vel
617 1256 666 1290 ad
699 1255 916 1302 impossile,
955 1255 1018 1291 cui
1057 1255 1238 1303 dubium,
1278 1256 1375 1304 quin
1407 1270 1615 1304 processus
1649 1257 1838 1293 fundatus

525 1325 547 1348 a
578 1314 695 1348 rebus
727 1312 1128 1350 incommutabilibus
1162 1323 1199 1350 et
1229 1314 1345 1351 certis
1379 1316 1428 1351 ad
1462 1328 1522 1352 res
1556 1315 1768 1351 mutabiles
1801 1323 1838 1351 et

523 1370 695 1407 incertas
740 1383 929 1419 processu
970 1384 989 1408 e
1029 1372 1231 1408 contrario
1269 1372 1319 1408 sit
1357 1373 1579 1420 perfeccior
1617 1382 1654 1409 et
1687 1373 1840 1409 cercior
1855 1387 1898 1408 20

525 1438 561 1464 et
593 1441 665 1476 per
698 1441 946 1477 consequens
978 1430 1093 1466 nobis
1126 1430 1376 1478 placibilior?

246 1492 491 1555 {ffgafflss‘gussssgss
582 1487 885 1522 CORROLARIUM
924 1494 1125 1522 TERCIUM:
1184 1488 1293 1525 Licet
1337 1488 1518 1525 raciones
1561 1489 1719 1537 ydeales
1764 1488 1842 1525 sint

241 1562 339 1589 forms
360 1567 409 1598 yet
428 1563 499 1598 they
523 1556 612 1580 vere
645 1545 784 1590 forme,
818 1558 899 1582 non
931 1554 1066 1582 tamen
1099 1555 1190 1583 sunt
1222 1546 1263 1582 in
1295 1547 1430 1595 aliqua
1462 1547 1689 1583 substancia
1721 1546 1842 1583 infor-

242 1597 502 1659 dosffsssstffiffim
525 1602 684 1649 mative,
725 1603 820 1651 quia
851 1616 924 1640 nec
957 1603 997 1639 in
1030 1604 1258 1641 substancia
1290 1604 1481 1651 increata,
1521 1605 1616 1653 quia
1648 1613 1742 1641 tunc
1774 1604 1842 1641 illa

525 1662 745 1697 secundum
786 1662 884 1698 tales
923 1662 1103 1698 raciones
1143 1671 1244 1699 esset
1276 1662 1498 1699 formaliter
1530 1662 1728 1709 factibilis,
1769 1675 1841 1699 nec
1859 1667 1898 1699 25

525 1718 565 1754 in
598 1719 827 1756 substancia
860 1729 1007 1766 creata,
1042 1720 1137 1768 quia
1159 1721 1268 1756 nulla
1297 1720 1367 1757 tali
1392 1720 1581 1757 existente
1604 1734 1685 1757 non
1709 1720 1841 1757 minus

524 1776 590 1812 i]le
624 1786 766 1823 essent,
807 1791 897 1814 curn
930 1779 1111 1815 absolute
1143 1779 1368 1815 necessario
1402 1778 1451 1815 sit
1484 1791 1568 1815 esse
1600 1778 1700 1825 illas,
1741 1778 1842 1815 sicut

526 1835 707 1872 absolute
750 1835 1020 1872 necessarium
1065 1845 1135 1882 est,
1182 1838 1290 1885 quod
1336 1839 1440 1873 Deus
1486 1845 1542 1873 est
1586 1836 1842 1873 racionaliter

526 1892 705 1939 factivus,
740 1893 820 1930 sive
853 1902 985 1941 potest
1017 1894 1147 1931 facere
1180 1894 1399 1941 hominem,
1435 1908 1581 1943 equum
1617 1903 1690 1931 etc.

243 1956 501 2026 lilconcffstiffi'
585 1952 830 1987 CONCLUSIO
864 1958 1074 1987 SECUNDA:
1120 1953 1353 1989 Necessario
1398 1953 1627 1989 eternaliter
1670 1953 1842 1989 mundus
1859 1958 1900 1991 30

287 2000 316 2018 18
336 2000 387 2018 arC
413 2000 426 2018 C
455 2000 459 2007 '
486 2000 500 2018 C

273 2026 299 2053 is
320 2026 476 2061 produced
526 2008 745 2057 architipus
778 2009 858 2045 sive
889 2009 1149 2058 intelligibilis
1182 2010 1420 2058 producitur
1451 2024 1473 2047 a
1500 2013 1596 2046 Deo.
1631 2012 1842 2057 Probatur,

253 2061 498 2123 eternsslgykri'fi-om
527 2066 622 2114 quia
653 2066 720 2103 ille
752 2067 978 2103 necessario
1012 2068 1241 2105 eternaliter
1273 2077 1344 2114 est,
1378 2068 1480 2104 sicut
1512 2068 1738 2105 necessario
1772 2076 1842 2113 est,

527 2126 636 2172 quod
658 2127 763 2161 Deus
787 2125 1086 2162 racionabiliter
1108 2134 1238 2173 potest
1268 2126 1399 2162 facere
1429 2138 1548 2162 omne
1581 2127 1689 2174 quod
1712 2134 1844 2174 potest

527 2183 670 2229 facere,
717 2191 753 2219 et
798 2182 892 2230 quia
936 2183 1024 2230 plus
1063 2196 1183 2231 quam
1224 2186 1330 2220 Deus
1372 2183 1519 2220 sufficit
1558 2183 1764 2220 intendere
1803 2195 1842 2219 se

570 2335 640 2388 irai.
665 2327 759 2388 Cgcli5:
788 2327 1033 2355 assensibilibus.
1131 2336 1176 2355 20.
1198 2329 1341 2362 incertas]
1369 2329 1452 2356 cod..·
1481 2333 1590 2356 certas.
1681 2336 1720 2356 21.
1742 2328 1841 2362 nobis]

529 2369 574 2388 cot
642 2370 681 2388 no
707 2370 766 2389 iis.

598 2468 631 2498 4.
667 2458 719 2500 Cf.
748 2459 893 2500 August.
928 2459 1041 2491 locum
1075 2469 1122 2491 ex
1154 2459 1287 2491 Divers.
1316 2459 1458 2498 Quaest.
1490 2469 1599 2501 supra
1632 2468 1842 2491 commemo-

531 2508 661 2537 ratum.
760 2515 790 2546 7.
816 2505 872 2537 De
898 2506 1061 2537 idearum
1082 2506 1248 2537 doctrina
1267 2506 1468 2545 Platonica,
1494 2516 1515 2536 α
1546 2506 1691 2548 Wiclifio
1717 2510 1843 2537 contra

531 2550 755 2583 Aristotelem
777 2551 922 2593 defensa
941 2553 984 2594 cf.
997 2552 1176 2583 Gottlzarcl
1191 2553 1349 2591 Lechler,
1364 2552 1508 2583 Jolzann
1529 2563 1560 2583 v.
1576 2552 1708 2594 Wiclif,
1728 2553 1747 2583 I
1762 2553 1841 2583 461.

536 2606 585 2636 14.
621 2598 673 2639 Cf.
701 2598 803 2628 Arist.
830 2598 981 2639 Metaph.
1006 2598 1065 2629 XII
1090 2609 1113 2638 4
1144 2598 1228 2638 (Ed.
1257 2599 1340 2630 Par.
1370 2598 1408 2630 II
1432 2601 1508 2635 615,
1538 2601 1551 2628 I
1576 2599 1648 2638 ss.),
1680 2599 1843 2629 Averrois

532 2643 670 2674 Comrn.
703 2644 736 2674 in
769 2644 920 2685 Metaph.
946 2645 1004 2674 VII
1040 2644 1110 2686 [VI]
1147 2646 1182 2677 3²1
1221 2645 1306 2685 (Ed.
1338 2646 1417 2676 Ven.
1450 2645 1537 2676 VIII
1565 2645 1654 2685 85¹),
1687 2644 1841 2676 eiusdem

532 2690 712 2730 Epitomes
745 2690 777 2720 in
804 2690 912 2721 libros
938 2690 1089 2732 Metaph.
1115 2697 1212 2722 tract.
1239 2692 1381 2722 secund.
1409 2691 1492 2730 (Ed.
1528 2691 1609 2724 Ven.
1642 2691 1728 2722 VIII
1748 2692 1843 2729 173¹,

530 2737 592 2767 col.
612 2738 634 2767 2
652 2737 725 2775 ss.)‚
750 2737 899 2778 denique
918 2737 1046 2777 Wiclif,
1066 2737 1262 2779 Trialogus,
1282 2747 1356 2779 cap.
1374 2737 1448 2768 VIII
1469 2743 1501 2768 et
1519 2737 1561 2768 IX
1580 2737 1665 2778 (Ed.
1684 2737 1842 2778 Lechler,

526 2793 564 2823 p.
595 2784 648 2821 62,
681 2784 727 2813 65
754 2784 825 2823 851).
