2056 3234
185 186 272 214 CAP-
294 186 388 214 XVII·
506 189 565 220 DE
592 189 715 221 ENTE
743 190 1163 222 PREDICAMENTALI.
1705 180 1778 226 167

242 297 289 330 Et
327 296 473 331 iterum
507 296 672 341 videtur,
721 298 828 344 quod
866 309 946 331 non
986 295 1175 332 continue
1213 296 1366 343 appetit
1406 308 1491 331 esse
1511 304 1559 329 An
1583 302 1779 340 angelpotild

185 355 302 399 Deus,
348 354 414 389 sed
454 365 611 401 semper
650 353 801 401 appetit
840 366 922 389 esse
967 356 1189 399 non-Deus,
1237 366 1330 401 ergo
1374 365 1490 388 num·
1541 337 1751 403 ’ζῧῑςιξᾶἐιπιὲᾗῠ

184 423 302 457 quam
344 410 496 458 appetit
535 423 617 447 esse
651 414 767 447 Deus.
816 412 908 447 Ideo
941 413 1092 447 Doctor
1131 412 1252 447 modo
1292 423 1364 447 suo
1398 423 1490 446 con·
1512 406 1777 467 hg00s135fflgteffi¹jq><13

183 467 342 503 tradicit
375 468 610 517 probacioni
642 468 767 505 sancti
790 470 972 505 Thomae
1006 477 1042 504 et
1066 468 1238 504 aliorum
1264 470 1489 513 doctorum,
1531 475 1647 502 wished
1670 479 1700 501 to
1724 475 1758 501 be

150 530 220 562 Set
253 538 333 561 non
368 526 607 562 contradicit
642 525 904 572 conclusioni,
940 526 1036 574 quin
1069 527 1233 573 angelus
1266 539 1346 562 non
1368 525 1491 562 voluit
1517 508 1776 578 somifflnzusshat

182 583 236 618 ita
280 583 529 619 manifestam
576 583 957 620 contradiccionem.
1004 585 1118 620 Unde
1157 584 1349 631 dyabolus
1393 591 1492 618 tem-
1524 588 1588 606 was
1610 585 1661 606 not
1684 578 1764 605 God.

183 649 298 688 ptans
323 641 528 677 mulierem
554 643 649 677 Gen.
679 642 737 686 30,
771 642 931 689 quando
965 641 1004 677 in
1037 650 1122 677 toto
1155 641 1228 677 fuit
1261 641 1419 677 deditus
1453 640 1493 676 in

184 698 407 744 mendacio,
448 698 602 735 addidit
635 699 754 734 istum
787 698 1001 735 terminum
1039 698 1211 744 “sicut'’‚
1252 711 1301 735 ne
1334 697 1491 743 mulier,

183 755 462 803 participando
506 755 870 804 impossibilitatem
912 756 1016 792 dicte
1049 756 1121 802 sui,
1167 756 1264 792 illud
1302 769 1383 792 non
1424 768 1492 803 ap-

130 828 167 849 10
184 822 347 861 peteret.
383 813 487 849 Dixit
511 814 615 850 enim
640 816 939 863 “Nequaquam
974 822 1104 850 morte
1137 813 1384 859 moriemini3
1419 813 1493 849 scit

183 871 287 907 enim
314 874 433 918 Deus,
467 874 575 919 quod
608 872 648 908 in
680 884 935 920 quacumque
969 871 1031 908 die
1065 871 1322 908 comederitis
1355 884 1398 907 ex
1431 884 1491 917 eo,

183 929 413 977 aperientur
445 929 551 966 oculi
583 930 722 976 vestri;
757 929 865 966 eritis
898 929 1000 966 sicut
1024 929 1100 976 Dii,
1135 929 1304 967 scientes
1339 931 1489 965 bonum
1525 935 1603 963 This
1624 935 1650 962 is
1671 935 1766 961 borne

183 996 220 1023 et
254 988 446 1023 malutn'’.
492 989 594 1023 Ecce
627 987 801 1035 primum
842 987 1096 1023 mendacium
1139 996 1278 1023 contra
1317 987 1491 1023 divinam
1559 971 1737 1040 ‘ggl-ss'gnffff

183 1045 447 1081 sentenciam:
476 1046 796 1093 “Nequaquam’'
823 1054 895 1081 etc.
930 1047 1031 1081 Ecce
1054 1046 1229 1081 secundo
1254 1044 1397 1081 callida
1420 1044 1492 1080 irn-
1513 1040 1783 1102 ῥὲηὲὲῆῖἰοὺὲῖεδ

130 1106 165 1138 15
183 1102 365 1150 plicaci0‚
381 1105 488 1150 quod
504 1105 609 1139 Deus
633 1111 797 1151 propter
820 1102 1010 1139 invidiam
1035 1102 1219 1150 prohibet
1243 1115 1353 1138 esum
1374 1101 1490 1150 ligni:
1520 1109 1621 1141 God'⁷,
1644 1114 1695 1136 not
1716 1112 1775 1155 Ἔα

183 1161 293 1197 “Scit
327 1160 431 1196 enim
466 1161 597 1197 Deus'’
634 1170 706 1197 etc.
753 1163 800 1196 Et
832 1169 942 1208 patet
978 1161 1021 1196 30
1054 1160 1294 1208 pollicitatio
1328 1162 1378 1196 ad
1411 1172 1493 1196 cre-
1518 1145 1592 1172 ⁵¹¹³¹¹
1616 1145 1651 1171 be
1671 1144 1741 1171 God
1768 1164 1773 1170 '

183 1220 358 1255 dendum
382 1231 452 1266 per
476 1218 729 1255 addicionem
763 1218 940 1255 adverbii
973 1218 1265 1254 similitudinis:
1301 1217 1492 1263 “Eritis''‚

182 1276 326 1324 inquit,
370 1276 500 1313 “sicut
534 1276 640 1322 Dii⁷’‚
680 1276 720 1311 id
754 1285 810 1312 est
843 1276 986 1324 angeli,
1027 1289 1107 1312 non
1145 1276 1316 1312 restricti
1357 1274 1494 1323 aliqua

182 1334 438 1381 inhibicione,
471 1347 543 1370 nec
577 1333 772 1370 serviliter
804 1334 986 1380 subiecti,
1020 1335 1089 1370 sed
1122 1334 1292 1370 scientes
1326 1333 1409 1369 sine
1438 1332 1495 1368 in-

127 1391 422 1438 aostruccione,
469 1392 564 1440 quid
607 1391 719 1428 vobis
764 1391 942 1439 proderit
988 1401 1055 1428 aut
1098 1391 1271 1428 nocebit.
1319 1391 1358 1427 Si
1400 1403 1493 1438 ergo

184 1449 327 1485 mulier
349 1449 475 1496 scivit,
499 1451 608 1498 quod
632 1462 712 1485 non
734 1449 865 1496 potuit
888 1449 1064 1486 converti
1087 1449 1126 1485 in
1149 1449 1267 1486 aliam
1293 1458 1494 1495 naturam,

184 1508 310 1543 multo
361 1507 487 1555 magis
532 1508 726 1555 dyabolus
772 1508 847 1544 hoc
891 1506 1025 1553 scivit3
1075 1507 1164 1543 ideo
1219 1507 1249 1543 si
1300 1507 1494 1554 dyabolus

184 1574 403 1613 appeteret,
448 1578 521 1613 par
567 1577 650 1601 esse
695 1567 791 1610 Deo,
839 1566 914 1601 hoc
959 1574 1165 1613 appeteret
1211 1565 1343 1613 gracia
1392 1563 1494 1610 finis,

184 1635 301 1672 quem
336 1623 612 1671 principaliter
650 1632 877 1671 appeteret3
923 1625 993 1659 sed
1031 1623 1129 1659 illud
1170 1623 1272 1659 foret
1311 1621 1495 1658 mirabile

127 1680 377 1727 25medium,
416 1681 523 1729 quod
556 1693 637 1716 non
670 1689 802 1728 potest
841 1680 1010 1728 intelligi
1043 1682 1114 1717 sub
1148 1689 1251 1727 ente,
1291 1680 1350 1716 vel
1389 1681 1495 1715 bono

184 1738 287 1785 finis,
335 1738 545 1786 imponens
591 1739 871 1775 necessitatem
916 1740 1046 1784 rebus,
1095 1739 1197 1774 foret
1241 1738 1357 1774 valde
1402 1750 1495 1785 pro-

184 1796 442 1845 porcionatus
487 1796 557 1833 tali
600 1796 801 1833 volucioni
854 1796 997 1843 medie,
1047 1805 1090 1832 ut
1142 1795 1232 1832 finis
1286 1797 1493 1831 habeatur.

186 1853 438 1902 Relinquitur
477 1867 584 1901 ergo,
629 1855 735 1902 quod
775 1855 968 1901 dyabolus
1006 1854 1130 1891 voluit
1173 1866 1297 1889 unum
1347 1854 1494 1889 bonum

186 1911 259 1948 sibi
297 1911 497 1960 possibile,
544 1920 580 1947 et
624 1924 694 1959 per
739 1924 986 1960 consequens
1030 1911 1188 1948 volucio
1234 1910 1302 1947 illa
1347 1909 1495 1958 poterit

130 1972 172 2004 30
187 1982 270 2006 esse
300 1971 408 2013 bona
442 1979 515 2006 etc.

257 2092 297 2119 16.
321 2091 514 2126 pollicitacio]
536 2091 624 2119 ciui..-
651 2091 746 2126 pallio.

254 2174 287 2204 4.
322 2164 374 2206 Cf.
401 2163 558 2194 Thornae
591 2163 829 2194 Bradwardini
862 2164 912 2194 De
944 2172 1046 2194 causa
1072 2163 1134 2193 Dci
1164 2163 1172 2193 1
1204 2163 1246 2202 34
1273 2161 1355 2203 (Ed.
1383 2162 1497 2193 Lond.

188 2211 302 2243 2996]
326 2210 400 2251 ss.):
516 2209 616 2241 Unde
653 2215 686 2242 et
729 2209 879 2241 Thomas
921 2209 945 2240 J.
984 2213 1112 2240 contra
1149 2209 1300 2251 gentiles
1336 2209 1386 2240 sic
1426 2208 1498 2239 ait:

190 2257 369 2297 Sapientis
395 2257 558 2288 voluntas
584 2266 633 2288 ex
658 2256 733 2296 hoc,
769 2255 861 2297 quod
893 2260 943 2286 est
978 2255 1020 2286 de
1054 2264 1175 2294 causa,
1209 2258 1260 2287 est
1292 2254 1334 2285 de
1360 2254 1497 2297 effectu,

189 2304 246 2345 qui
271 2312 319 2334 ex
344 2312 454 2334 causa
482 2302 524 2334 de
551 2302 756 2334 necessitate
781 2301 951 2344 sequitur.
993 2301 1145 2332 Stultum
1173 2301 1265 2332 enim
1293 2304 1384 2332 esset
1409 2301 1496 2333 velle

189 2350 296 2381 solem
324 2348 479 2381 existere
505 2358 610 2390 super
643 2353 790 2387 terram,
824 2352 857 2380 et
890 2358 957 2379 non
992 2357 1064 2379 esse
1096 2347 1166 2379 dici
1196 2347 1414 2378 claritatem.
1455 2346 1498 2377 Et

189 2395 285 2437 infra
315 2396 375 2426 83.
418 2394 634 2436 Quicumque
671 2395 743 2425 vult
782 2394 918 2435 aliquid
956 2394 1166 2430 necessario,
1205 2394 1277 2424 vult
1314 2402 1368 2431 ea,
1407 2402 1498 2434 quae

191 2441 390 2473 necessario
418 2441 648 2483 requiruntur
674 2440 723 2471 ad
749 2440 848 2479 illud,
877 2440 943 2471 nisi
969 2440 1014 2471 sit
1039 2449 1087 2471 ex
1109 2443 1217 2481 parte
1235 2439 1307 2471 eius
1326 2438 1498 2480 defectus,

190 2488 243 2518 vel
264 2491 416 2528 propter
443 2487 698 2528 ignorantiam,
732 2486 784 2518 vel
821 2486 903 2527 quta
930 2496 951 2517 a
980 2490 1077 2517 recta
1105 2485 1270 2517 electione
1296 2485 1379 2525 eius,
1407 2484 1498 2526 quod

190 2537 242 2564 est
273 2532 322 2564 ad
343 2533 456 2574 finem
491 2533 661 2564 intentum
695 2531 883 2563 abducitur
903 2542 971 2573 per
998 2532 1154 2573 aliquam
1183 2531 1358 2563 actionem
1380 2554 1495 2562 .....

190 2579 351 2620 Amplius
377 2583 495 2610 autem
517 2583 636 2620 potest
662 2578 827 2610 similiter
847 2579 960 2620 argui
976 2578 1018 2610 de
1036 2578 1172 2609 actibus
1191 2577 1381 2617 homicidii,
1400 2577 1498 2619 furti

191 2630 224 2657 et
248 2624 428 2664 similibus,
460 2634 537 2656 cum
572 2625 692 2666 quibus
725 2634 802 2656 cum
831 2624 903 2655 suis
929 2623 1205 2656 circumstantiis
1224 2623 1353 2665 positis
1380 2631 1496 2654 neces-

190 2671 287 2702 sario
318 2671 540 2702 coniunctum
575 2674 626 2703 est
653 2674 838 2712 peccatum
869 2694 876 2700 .
896 2694 903 2700 .
923 2694 957 2701 ..
999 2669 1206 2711 Oppositum
1245 2674 1362 2700 autem
1397 2668 1498 2700 liuius

192 2717 432 2758 multipliciter
457 2717 629 2748 suadetur
648 2738 655 2746 .
675 2739 682 2746 .
701 2738 709 2746 .
729 2739 736 2746 .
756 2720 855 2756 etqsq.
952 2726 983 2757 7⁷
1007 2725 1046 2745 10
1065 2725 1109 2746 ss.
1138 2717 1224 2747 Gen.
1253 2717 1285 2753 «ἢ
1312 2717 1418 2746 4-5.
