2056 3234
258 171 331 216 196

274 1504 453 1539 According
473 1509 503 1531 to

259 1540 407 1567 Aristotle
427 1540 517 1567 Time

279 1576 333 1602 lias
354 1575 391 1601 its
413 1579 496 1608 parts

281 1611 333 1637 but
355 1611 423 1645 they
444 1618 494 1636 are

264 1650 316 1672 not
336 1649 514 1672 coexistent.

991 169 1214 200 JOHANNIS
1240 169 1408 200 WICLIF
1672 166 1761 194 CAP.
1782 165 1847 193 XX.

539 275 633 323 quia
677 274 779 310 sicut
818 273 1129 320 multiplicatum
1170 286 1241 321 per
1277 274 1409 309 locum
1451 282 1508 308 est
1547 275 1767 309 secundum
1810 286 1850 310 se

538 342 667 369 totum
703 334 753 367 ad
787 344 906 367 omne
938 340 1133 378 punctum
1168 331 1250 367 dati
1283 331 1372 376 loci,
1418 330 1473 366 sic
1512 343 1751 379 permanens
1792 340 1850 367 est

539 392 586 427 ad
622 402 742 427 omne
773 389 924 425 instans
960 389 1042 425 dati
1075 388 1135 425 sui
1168 389 1362 436 temporis
1395 390 1616 425 secundum
1640 401 1680 424 se
1704 398 1848 435 totum,

539 449 647 497 quod
681 456 738 484 est
772 446 1022 495 impossibile
1055 448 1104 483 de
1134 446 1371 483 successivo.
1406 448 1448 482 In
1471 447 1547 482 hoc
1580 446 1685 482 enim
1719 446 1850 483 differt

538 518 778 555 permanens
802 518 824 541 a
846 504 1083 552 successivo,
1108 506 1215 553 quod
1239 517 1479 552 permanens
1513 513 1570 540 est
1602 504 1712 551 illud,
1744 506 1850 553 quod

539 574 675 601 manet
727 563 949 600 successive
994 562 1034 598 in
1079 572 1304 599 extensum:
1360 561 1585 598 cuiusmodi
1631 571 1688 598 est
1732 575 1851 599 omne

538 622 648 669 illud,
683 623 790 670 quod
823 620 971 657 sufficit
1003 634 1165 657 manere
1198 634 1269 669 per
1292 630 1450 668 tempus
1473 619 1558 656 sine
1581 619 1847 657 innovacione

537 681 599 716 vel
631 679 909 728 deperditione
942 678 1080 726 partis.
1126 679 1402 716 Successivum
1435 690 1528 714 vero
1566 690 1697 724 omne,
1744 679 1850 726 quod

539 751 610 786 per
632 747 792 785 tempus
827 737 1073 783 extenditur3
1107 737 1330 786 quamlibet
1363 745 1496 772 autem
1532 745 1687 784 partem
1722 735 1853 772 divisi-

538 796 656 832 bilem
691 797 824 833 taliter
857 795 1004 832 extensi
1037 805 1197 844 oportet
1230 797 1377 832 habere
1409 803 1567 842 tempus
1599 793 1675 830 sibi
1707 806 1853 842 appro-

538 855 728 902 priatum,
762 854 802 890 in
827 867 905 902 quo
928 867 1008 890 non
1041 854 1092 889 sit
1124 853 1277 902 aliquid
1309 853 1370 889 sui
1403 852 1531 889 tocius
1563 861 1698 900 preter
1719 852 1850 900 ipsum

537 914 597 949 vel
630 921 786 961 partem
823 912 918 957 eius,
954 912 1056 947 sicut
1081 921 1138 948 est
1162 913 1209 948 de
1233 911 1415 948 localiter
1448 920 1622 947 extenso.
1657 912 1705 946 Et
1729 919 1851 958 patet,

538 972 648 1019 quod
685 971 787 1007 sicut
826 970 1009 1006 localiter
1047 970 1359 1017 multiplicatum
1400 970 1521 1005 habet
1566 968 1851 1017 perfecciorem

539 1029 816 1065 habitudinem
841 1030 891 1064 ad
914 1029 1063 1074 locum,
1097 1041 1219 1076 quam
1245 1036 1463 1072 extensum,
1498 1027 1553 1063 sic
1576 1026 1855 1074 temporaliter

541 1087 851 1135 multiplicatum
886 1087 1006 1122 habet
1038 1086 1323 1133 perfecciorem
1360 1085 1636 1121 habitudinem
1672 1086 1720 1120 ad
1754 1093 1854 1120 tem-

539 1158 627 1192 pus,
668 1158 788 1193 quam
823 1143 1100 1192 temporaliter
1133 1153 1351 1189 extensum,
1393 1142 1486 1191 quia
1518 1142 1764 1191 impossibile
1797 1150 1855 1177 est

540 1203 701 1251 aliquod
749 1204 829 1239 tale
876 1204 1023 1239 habere
1070 1215 1210 1238 omnes
1253 1214 1344 1238 suas
1397 1210 1531 1249 partes
1583 1200 1855 1248 punctualiter

539 1261 671 1297 simul.
706 1261 818 1297 Sicut
852 1273 945 1309 ergo
978 1272 1098 1297 omne
1130 1269 1259 1296 totum
1293 1272 1534 1307 permanens
1567 1268 1626 1295 est
1659 1257 1853 1305 corrupti-

540 1319 616 1355 bile
650 1332 720 1367 per
752 1318 939 1355 accidens
973 1332 1016 1356 ex
1049 1318 1242 1355 divisione
1274 1317 1470 1365 parcium,
1517 1316 1572 1353 sic
1610 1329 1729 1353 omne
1768 1328 1853 1351 suc-

540 1378 735 1414 cessivum
776 1386 838 1415 θεῖ
872 1390 942 1425 per
975 1390 1016 1413 se
1049 1376 1325 1424 corruptibile,
1372 1377 1467 1411 dum
1507 1374 1781 1422 corrumpitur
1814 1373 1853 1409 in

541 1445 735 1484 quantum
770 1436 849 1471 tale
889 1448 932 1471 ex
966 1434 1148 1483 parcium
1183 1433 1448 1471 successione.

601 1496 713 1530 Unde
737 1493 974 1530 Aristoteles
996 1498 1044 1539 40
1068 1493 1318 1529 Phisicorum
1356 1503 1519 1527 movens
1553 1489 1852 1526 dubitacionem

541 1553 695 1599 loycam
744 1552 1019 1599 supradictam
1065 1553 1113 1587 de
1158 1550 1371 1587 existencia
1415 1549 1597 1597 parcium
1644 1547 1852 1595 temporis,

542 1611 748 1658 quomodo
789 1610 1039 1658 impossibile
1072 1618 1130 1645 est
1163 1608 1316 1657 aliquid
1351 1607 1542 1656 componi
1577 1619 1620 1643 ex
1653 1606 1743 1651 illis,
1779 1617 1854 1653 que

540 1681 621 1704 non
644 1677 749 1714 sunt,
773 1677 815 1704 ut
839 1677 949 1716 patet
973 1668 1152 1716 capitulo
1176 1667 1323 1715 primo,
1347 1666 1464 1702 solvit
1482 1665 1588 1701 idem
1614 1664 1792 1712 capitulo
1811 1664 1854 1698 30

541 1726 690 1772 dicens,
732 1728 839 1775 quod
877 1735 1037 1774 oportet
1083 1727 1130 1761 de
1170 1734 1283 1761 motu
1328 1733 1365 1760 et
1409 1725 1457 1759 de
1497 1732 1681 1770 tempore
1721 1730 1855 1769 partes

541 1797 621 1820 non
645 1797 730 1820 esse
753 1784 886 1830 simul,
921 1786 989 1820 sed
1020 1796 1141 1820 unam
1171 1792 1263 1831 post
1287 1782 1423 1828 aliam,
1459 1790 1495 1817 et
1519 1781 1574 1817 sic
1603 1780 1713 1825 illud,
1748 1780 1855 1827 quod

612 1919 650 1946 15.
672 1919 895 1954 perfeccionem
917 1918 1031 1953 scripsi
1049 1918 1134 1946 cod.
1131 1927 1137 1933 ·
1154 1918 1293 1954 peiorem
1318 1917 1360 1950 (=
1381 1916 1579 1952 parciorem).

613 2013 666 2035 22.
688 2004 739 2046 Cf.
759 2003 860 2034 Arist.
880 2004 956 2034 Nat.
971 2004 1075 2034 Ausc.
1094 2002 1139 2033 IV
1158 2011 1195 2032 12
1212 2000 1297 2042 (18),
1318 2001 1334 2033 3
1356 2000 1439 2041 (Ed.
1457 2000 1543 2031 Par.
1563 1999 1602 2031 II
1620 2000 1701 2039 302,
1718 2000 1766 2031 27
1779 1998 1855 2032 ss)

542 2047 615 2081 Kal
641 2047 660 2081 ὁ
687 2048 797 2086 αὐτὸς
821 2047 861 2080 δὲ
886 2051 1071 2092 πανταχοῦ
1105 2046 1195 2090 ἅμα·
1236 2045 1415 2089 πρότερον
1446 2043 1486 2077 δὲ
1517 2043 1576 2077 καὶ
1608 2044 1760 2088 ὕστερον
1792 2042 1857 2087 οὐχ

543 2094 562 2127 ὃ
588 2094 709 2136 αὐτός,
737 2092 792 2128 ὅτι
816 2093 876 2127 καὶ
901 2093 923 2137 ἡ
940 2092 1118 2138 μεταβολὴ
1136 2092 1158 2136 ἡ
1176 2092 1241 2137 μὲν
1257 2096 1426 2135 παροῦσα
1444 2091 1517 2133 msto(
1544 2089 1566 2134 ἡ
1587 2090 1626 2123 δὲ
1642 2089 1856 2133 γεγενημένη

543 2140 602 2174 καὶ
627 2140 649 2184 ἡ
674 2141 850 2184 μέλλουσα
881 2138 996 2185 ἑτέρα,
1035 2143 1083 2174 ad
1115 2151 1206 2183 quae
1237 2142 1345 2172 verba
1379 2143 1553 2172 Averroes
1585 2139 1739 2170 adnotat
1771 2140 1857 2170 haec

544 2191 642 2229 (sect.
661 2191 742 2228 103,
769 2190 837 2221 Ed.
861 2190 947 2231 Opp.
967 2190 1076 2221 Arist.
1100 2190 1179 2221 Ven.
1197 2189 1275 2219 Fol.
1294 2188 1378 2228 84).·
1406 2185 1715 2231 Qemadmodum
1744 2189 1857 2216 motus

545 2246 613 2268 non
641 2237 872 2268 inveniuntur
891 2240 1019 2278 partes
1045 2235 1118 2267 eius
1146 2234 1296 2273 insimul,
1323 2233 1384 2265 sed
1409 2233 1579 2275 quaelibet
1593 2241 1684 2274 pars
1702 2236 1765 2262 aut
1783 2231 1855 2262 iam

544 2283 672 2325 defecit
703 2288 766 2314 aut
798 2283 953 2314 nondum
986 2283 1091 2321 venit,
1124 2281 1174 2312 ita
1207 2285 1257 2312 est
1289 2284 1438 2332 tempus.
1476 2280 1524 2310 Et
1556 2278 1759 2310 intendebat
1789 2287 1857 2319 per

543 2330 607 2361 hoc
625 2329 798 2361 dissolvet·
800 2338 818 2360 e
835 2329 1074 2371 quaestionem
1087 2327 1317 2370 praedictam
1337 2327 1371 2357 in
1391 2335 1465 2357 esse
1483 2330 1623 2366 tempor
1626 2326 1665 2363 is,
1683 2324 1854 2356 dicentem

545 2376 650 2417 quod,
687 2377 718 2407 si
755 2380 891 2417 tempus
929 2379 989 2411 est,
1028 2384 1164 2407 necesse
1202 2378 1264 2411 est,
1303 2378 1340 2404 ut
1373 2381 1494 2404 omnes
1520 2376 1647 2412 partes
1680 2371 1753 2403 eius
1793 2374 1856 2401 aut

545 2422 721 2463 quaedam
748 2427 829 2454 sunt
854 2422 1007 2459 insimul,
1032 2421 1094 2452 sed
1119 2430 1187 2452 non
1215 2424 1266 2451 est
1291 2419 1358 2458 ita‚·
1382 2419 1501 2461 posuit
1528 2418 1638 2460 igitur
1662 2418 1737 2455 hoc,
1763 2416 1856 2459 quod

546 2474 679 2500 rectum
715 2473 767 2500 est
792 2469 917 2505 di,cere
951 2468 1045 2510 quod
1066 2472 1193 2508 partes
1224 2467 1296 2498 eius
1322 2466 1550 2497 inveniuntur
1576 2463 1750 2506 quaedam
1773 2466 1857 2504 post

545 2516 649 2554 alias,
677 2526 743 2547 non
771 2515 923 2553 insimul,
949 2515 1040 2546 sicut
1065 2519 1118 2546 est
1135 2513 1317 2555 dispositio
1335 2513 1369 2543 in
1383 2512 1553 2554 partibus
1573 2515 1699 2548 motus,
1726 2510 1856 2541 scilicet

545 2563 712 2603 quoniam
741 2562 917 2614 quaedam
944 2561 1175 2592 inveniuntur
1194 2565 1277 2600 post
1302 2558 1404 2589 alias.
1432 2558 1480 2588 Et
1505 2567 1632 2589 comm.
1658 2560 1739 2588 sect.
1768 2556 1857 2586 1011:

546 2608 684 2640 Deinde
716 2607 864 2640 iteravit
896 2617 1043 2639 causam
1077 2608 1109 2638 in
1144 2606 1220 2645 hoc,
1253 2610 1287 2636 et
1319 2605 1428 2644 dixit,
1463 2604 1629 2646 quoniam
1665 2602 1855 2634 secundum

546 2655 638 2697 quod
670 2655 772 2696 prius
811 2658 845 2686 et
877 2654 1057 2695 posteiius
1095 2657 1155 2691 est,
1194 2655 1418 2684 numeratum
1458 2655 1508 2682 est
1541 2650 1688 2688 instans,
1727 2649 1764 2680 id
1795 2653 1856 2683 est,

545 2711 653 2733 causa
683 2702 717 2732 in
744 2702 809 2733 hoc
834 2706 884 2732 est
910 2701 1005 2737 illud,
1033 2699 1126 2742 quod
1151 2699 1322 2736 diximus,
1353 2697 1482 2729 scilicet
1514 2696 1681 2738 quoniam
1709 2704 1783 2727 esse
1807 2695 1856 2726 in-

547 2748 675 2779 stantis
694 2751 728 2779 et
746 2747 946 2779 numeratio
964 2747 1036 2778 eius
1054 2751 1106 2778 est
1124 2755 1171 2777 ex
1188 2746 1261 2783 hoc,
1280 2744 1373 2786 quod
1390 2745 1606 2774 translatum
1635 2752 1759 2773 numer
1763 2746 1856 2780 atur,

547 2795 582 2825 id
608 2799 659 2825 est
686 2794 939 2835 multiplicatur
961 2803 1029 2834 per
1050 2792 1153 2833 prius
1180 2797 1212 2823 et
1233 2792 1423 2832 posterius.

1872 808 1912 829 10

1875 1088 1910 1121 15

1870 1388 1913 1409 20
