2056 3234
751 691 789 757 Ι.
843 690 1130 759 Genera]
1182 690 1398 757 Index.

561 810 761 864 (Printed
792 812 832 850 in
866 812 932 851 the
964 813 1266 865 orthograplzy
1298 812 1351 864 of
1375 812 1441 851 the
1473 810 1593 865 text.)

215 925 409 956 Accidens:

215 989 258 994 ——
285 970 487 1012 philosophi
512 972 555 1003 de
582 982 622 1003 eo
649 981 679 1011 9,
709 981 726 1012 3

215 1035 258 1039 -—
285 1017 463 1059 tripliciter
487 1018 620 1060 capitur
645 1019 674 1056 6,
703 1026 755 1059 37.

214 1082 256 1087 —
284 1063 355 1094 eius
382 1063 532 1105 quiditas
558 1073 589 1104 9,
620 1073 670 1097 12.

216 1128 257 1132 —
284 1120 346 1151 per
370 1120 407 1141 se
434 1120 494 1141 ens
520 1115 664 1152 propter
688 1111 752 1142 tria
780 1120 830 1150 11,
862 1119 912 1142 10.

218 1174 259 1178 —
287 1156 359 1187 eius
390 1157 483 1188 racio
514 1161 567 1188 est
597 1158 689 1189 racio
722 1158 931 1197 agnoscendi
958 1157 1038 1188 sub-

282 1203 448 1233 stanciam
473 1204 527 1243 36,
555 1210 589 1243 53
617 1204 661 1246 cf.
688 1211 741 1243 39,
768 1212 798 1242 4.

216 1266 257 1271 -
284 1249 480 1280 substancie
507 1250 538 1289 6,
568 1257 619 1281 12.

217 1313 255 1317 —
284 1296 514 1337 presupponit
540 1296 734 1327 subiectum
762 1304 814 1337 27,
845 1305 872 1327 1.

215 1359 257 1363 —
284 1351 346 1372 nec
384 1351 443 1372 ens
480 1352 543 1373 nec
575 1343 734 1373 accidens
765 1353 873 1383 genus
904 1342 1040 1383 loycum

286 1395 339 1426 30,
368 1396 396 1419 1.

215 1452 256 1456 —
284 1434 435 1465 eiusdem
461 1444 585 1465 novem
611 1444 736 1473 genera
761 1442 792 1473 4,
820 1442 878 1472 20;
907 1435 936 1472 8,
964 1442 1015 1475 27.

215 1480 327 1510 Accio
346 1484 380 1510 et
404 1481 520 1521 passio
548 1481 823 1522 correspondent
839 1481 875 1511 in
894 1485 1041 1521 quatuor

284 1527 553 1567 proprietatibus
580 1534 634 1567 97,
661 1534 691 1567 7.

216 1572 343 1603 Activa
367 1573 471 1603 verba
497 1578 530 1604 et
555 1573 692 1614 passiva
720 1581 794 1611 100,
824 1574 875 1604 16.

215 1619 326 1649 Actus
344 1618 457 1650 nullus
475 1630 536 1660 per
553 1629 589 1650 50
613 1619 722 1650 malus
744 1626 818 1660 157,
843 1628 879 1660 7;
910 1621 983 1657 168,
1010 1628 1027 1650 2

214 1666 336 1704 Agens
362 1666 507 1706 primum
533 1666 610 1704 284,
638 1674 680 1705 39

215 1711 352 1741 Altaria
377 1716 538 1743 extranea
566 1712 640 1750 116,
671 1720 721 1742 11.

216 1757 375 1797 Angelus
400 1768 462 1799 per
487 1768 522 1789 se
549 1762 601 1789 est
628 1766 680 1796 12,
707 1766 736 1798 3.

217 1821 258 1825 —
285 1804 414 1844 primus
438 1805 586 1835 iniustus
615 1810 689 1844 135,
717 1812 752 1843 33
779 1805 821 1846 cs.
845 1815 879 1845 p.
910 1804 983 1834 161.

215 1849 378 1888 Angulus
404 1851 666 1881 mathematicus
693 1858 770 1890 290,
797 1857 849 1890 37.

215 1896 347 1927 Anima
377 1895 526 1928 hominis
558 1897 669 1938 prima
693 1897 784 1927 inter
808 1897 935 1927 formas
961 1896 1039 1927 sub-

282 1942 417 1973 lunares
443 1951 473 1982 3,
501 1951 555 1982 24.

213 2006 255 2010 —
279 1988 496 2020 indivisibilis
521 1989 710 2020 secundum
738 1988 864 2019 molem
882 1995 958 2028 295,
985 1996 1037 2027 34.

213 2052 255 2056 —
281 2035 316 2065 in
365 2045 403 2066 ea
444 2035 614 2077 potencie,
662 2035 852 2077 passiones,
900 2035 1038 2065 habitus

282 2088 359 2120 301,
389 2089 440 2112 11.

212 2144 256 2149 ——
282 2127 442 2167 intelligit
469 2132 502 2159 et
528 2128 664 2161 edificat
691 2128 743 2165 82,
773 2135 824 2159 10.

211 2173 341 2204 Anima
366 2175 463 2214 quasi
489 2185 589 2216 spera
614 2175 714 2214 ignea
738 2177 850 2205 rotata
878 2173 954 2211 116,
982 2175 1012 2205 8.

212 2237 255 2242 ——
282 2220 394 2251 tendit
418 2221 452 2251 in
478 2221 591 2251 Deum
621 2221 695 2259 116,
725 2228 765 2250 IO
791 2230 836 2251 ss.

211 2265 362 2297 Animus
399 2266 569 2297 humanus
606 2270 762 2298 movetur
801 2276 904 2308 super
933 2266 1037 2297 latam

192 2346 196 2349 .
280 2312 462 2353 planiciem
491 2313 564 2351 116,
592 2321 645 2346 21.

211 2358 425 2390 Anticristus
454 2367 528 2399 133,
555 2366 609 2399 25.

211 2405 312 2446 Aper
344 2409 459 2446 potest
495 2406 672 2447 percipere
710 2409 841 2436 motum
878 2405 1036 2436 venantis

280 2458 357 2490 203,
384 2452 415 2482 8.

211 2497 449 2538 Apparieneia
475 2496 560 2528 boni
589 2498 663 2535 166,
693 2505 727 2538 5;
755 2498 838 2530 ibid.
869 2506 919 2529 11.

212 2543 402 2584 Appetitus
426 2543 595 2575 humanus
621 2551 698 2585 251,
726 2553 753 2575 1.

214 2607 251 2610 -
280 2607 320 2611 -
350 2590 421 2621 eius
448 2591 620 2632 capacitas
647 2598 724 2631 252,
753 2598 804 2621 10.

213 2653 249 2657 —
279 2653 321 2657 —
349 2636 420 2667 eius
446 2637 609 2677 potencia
634 2644 712 2677 252,
741 2645 791 2670 11.

212 2699 251 2703 —
279 2700 322 2704 —
350 2692 392 2712 an
417 2682 562 2714 sacietur
585 2683 680 2714 bono
706 2683 804 2714 finito
831 2689 907 2722 252,
934 2690 986 2722 30.

210 2728 350 2759 Aranea
391 2732 485 2759 tactu
527 2733 643 2770 potest
683 2729 861 2771 percipere
903 2733 1030 2760 motum

278 2774 345 2805 tele
371 2782 447 2813 203,
474 2783 505 2814 9.

182 2824 186 2825 ’
211 2820 329 2850 Archa
354 2821 433 2851 Noe
461 2828 513 2861 57,
541 2830 593 2852 20,

1111 927 1322 958 Aristoteles
1349 926 1427 958 vide
1450 927 1562 957 Plato.

1111 974 1180 1004 Ars
1208 977 1241 1004 et
1267 972 1457 1014 prudencia
1486 980 1560 1012 134⁷
1590 980 1642 1013 15.

1112 1065 1213 1097 Canis
1240 1065 1405 1106 equivoce
1432 1065 1556 1096 dicitur
1584 1073 1635 1104 19,
1665 1074 1694 1096 2.

1112 1111 1318 1152 Cathegoria
1344 1111 1423 1143 vide
1449 1112 1656 1143 substancia.

1112 1158 1400 1198 Cathegoremata
1428 1164 1458 1198 5,
1485 1166 1538 1196 24.

1112 1204 1265 1235 Cathena
1290 1214 1392 1235 aurea
1416 1212 1448 1242 4,
1476 1205 1528 1243 38.

1113 1251 1216 1282 Catus
1242 1254 1358 1292 potest
1383 1251 1560 1292 percipere
1585 1251 1659 1281 visu
1685 1255 1816 1282 motum
1834 1252 1937 1282 rnuris

1182 1304 1259 1336 203,
1286 1297 1316 1329 8.

1113 1343 1351 1374 Carbunculus
1370 1346 1527 1374 movetur
1545 1353 1563 1373 a
1582 1344 1766 1384 detegente
1788 1352 1864 1384 123,
1882 1352 1935 1384 31.

1113 1390 1223 1420 Causa
1247 1390 1371 1431 prima:

1115 1454 1153 1457 —
1182 1454 1223 1459 —
1251 1436 1333 1476 quid
1360 1442 1437 1475 254,
1467 1443 1522 1475 13;
1550 1437 1594 1478 cf.
1621 1436 1705 1468 ibid.
1732 1445 1773 1475 29

1115 1500 1154 1504 -—
1181 1500 1224 1505 —
1251 1482 1294 1512 ab
1321 1492 1360 1512 ea
1385 1492 1504 1512 omnes
1530 1482 1595 1513 alie
1622 1489 1699 1523 254,
1727 1491 1758 1514 2.

1115 1546 1153 1550 -—
1184 1547 1219 1550 —
1250 1529 1292 1559 ab
1326 1538 1365 1558 ea
1390 1528 1574 1568 quodlibet
1599 1529 1807 1570 productum
1831 1529 1936 1560 habet

1181 1584 1254 1605 esse
1281 1581 1356 1615 255,
1383 1582 1426 1613 43
1453 1584 1496 1606 ss.

1121 1639 1150 1642 —
1181 1639 1221 1643 -
1249 1621 1355 1651 nichil
1381 1631 1421 1651 ea
1446 1621 1634 1662 perfeccius
1662 1629 1739 1662 254,
1766 1624 1818 1654 26.

1112 1666 1232 1698 Cclum
1258 1667 1338 1699 vide
1363 1671 1506 1698 cometa.

1126 1732 1151 1735 -—
1181 1713 1358 1754 quomodo
1383 1713 1516 1754 capitur
1542 1714 1617 1754 258,
1645 1722 1675 1754 7.

1114 1778 1153 1782 —-
1181 1760 1296 1801 plures
1322 1759 1388 1790 0011
1412 1764 1588 1801 ponuntur
1615 1761 1691 1800 263,
1722 1769 1772 1801 15.

1126 1825 1142 1828 --
1180 1806 1273 1847 capit
1304 1816 1378 1836 esse
1409 1816 1428 1836 a
1454 1807 1563 1847 prima
1588 1817 1690 1837 causa
1716 1808 1793 1846 262,
1820 1815 1863 1846 40
1889 1818 1933 1839 ss.

1114 1871 1151 1875 —
1180 1862 1240 1883 ens
1266 1856 1415 1883 creatum
1442 1853 1519 1892 263,
1545 1854 1575 1883 6.

1111 1917 1152 1920 ——
1178 1899 1213 1929 in
1239 1909 1279 1929 eo
1305 1899 1518 1940 composicio
1544 1900 1693 1930 secunda
1719 1900 1794 1940 258,
1822 1909 1851 1932 2.

1117 1963 1145 1967 —-
1179 1948 1231 1975 est
1254 1945 1481 1987 corruptibile
1506 1946 1583 1984 264,
1612 1953 1662 1985 13.

1112 2010 1151 2013 -
1178 1991 1285 2021 variat
1309 1991 1453 2031 lingwas
1482 1999 1534 2032 17,
1561 1999 1614 2031 23.

1110 2056 1151 2059 —
1178 2037 1324 2068 influens
1353 2044 1427 2078 115,
1454 2045 1508 2078 27.

1111 2101 1151 2105 —
1177 2083 1325 2114 influxus
1352 2091 1426 2122 122,
1454 2091 1471 2124 3
1498 2094 1543 2116 ss.

1110 2129 1268 2161 Chimera
1295 2130 1348 2170 83,
1375 2138 1435 2169 243
1463 2138 1540 2170 203,
1570 2138 1621 2171 17.

1110 2175 1263 2207 Circulus
1289 2176 1535 2216 equinoccialis
1563 2183 1637 2217 150,
1667 2177 1706 2207 16

1109 2222 1277 2262 Cognicio
1304 2222 1388 2263 quid
1414 2230 1491 2262 300,
1520 2223 1570 2253 18.

1108 2286 1152 2290 ——
1177 2269 1319 2309 ponitur
1342 2269 1466 2310 triplex
1492 2276 1568 2308 300,
1595 2276 1650 2308 32.

1108 2333 1150 2337 —
1177 2314 1248 2345 eius
1274 2315 1425 2345 medium
1452 2323 1528 2354 301,
1556 2321 1585 2356 5.

1110 2379 1149 2383 —-
1176 2361 1249 2392 eius
1275 2361 1447 2402 perfeccio
1474 2369 1551 2401 299,
1580 2368 1637 2400 143
1665 2368 1741 2401 302,
1769 2369 1809 2403 25
1839 2372 1884 2394 ss.

1108 2407 1250 2438 Cometa
1276 2407 1373 2438 stella
1399 2415 1476 2448 297,
1505 2415 1556 2439 12.

1108 2472 1149 2476 —
1177 2464 1220 2484 an
1245 2453 1289 2484 sit
1314 2454 1357 2484 de
1383 2457 1505 2484 natura
1530 2453 1594 2485 celi
1619 2461 1697 2495 297,
1726 2462 1753 2486 Ι.

1108 2518 1150 2522 -
1177 2500 1299 2541 aliquis
1334 2500 1376 2531 de
1401 2504 1522 2531 natura
1547 2500 1748 2531 elementari
1773 2508 1849 2541 297,
1879 2508 1930 2540 19.

1111 2564 1147 2568 —-
1175 2546 1280 2577 habet
1297 2556 1441 2583 comam,
1460 2546 1615 2585 caudam,
1631 2546 1775 2578 barbam
1791 2554 1868 2587 297,
1880 2554 1931 2578 12.

1107 2592 1346 2634 Compositurn
1373 2592 1469 2633 quod
1494 2592 1606 2624 modis
1632 2592 1756 2624 dicitur
1780 2600 1858 2633 259,
1878 2601 1920 2623 20

1107 2638 1317 2670 Continuum
1342 2649 1385 2669 an
1411 2643 1638 2680 componatur
1663 2649 1702 2670 ex
1722 2640 1931 2680 nonquantis

1177 2693 1252 2724 192,
1279 2693 1338 2724 23;
1366 2686 1409 2727 cf.
1436 2692 1513 2726 207,
1541 2685 1583 2716 26

1106 2730 1346 2762 Contradiccio
1373 2735 1424 2762 est
1450 2732 1498 2762 rei
1524 2735 1558 2762 et
1583 2731 1731 2762 nominis
1760 2731 1812 2769 18,
1838 2739 1890 2761 21.

1104 2777 1239 2818 Corpus
1265 2777 1487 2808 conformiter
1512 2777 1694 2817 figuratum
1721 2778 1773 2817 56,
1802 2784 1853 2818 15.

1102 2842 1145 2846 -—
1170 2824 1323 2855 serratile
1349 2830 1401 2864 57,
1428 2823 1459 2855 6.

1726 2880 1789 2912 20*
