2056 3234
58 319 96 350 F.

191 207 278 237 CAP·
300 207 378 235 XXI·
516 209 575 240 DE
601 208 723 240 ENTE
752 208 1170 240 PREDICAMENTALI.
1705 200 1780 234 203

136 319 151 330 η

113 328 177 361 239
251 317 346 351 Item
380 326 423 350 ex
456 314 714 350 sensibilitate
747 313 1061 350 successivorum
1084 313 1253 359 videtur,
1279 315 1386 362 quod
1410 326 1496 361 pre-
1555 320 1675 355 Things
1696 329 1746 347 are

192 372 309 409 terita
344 381 380 408 et
413 371 546 408 futura
579 380 671 408 sunt
704 371 910 419 presencia
943 373 993 408 ad
1026 371 1147 407 istum
1180 383 1354 416 sensum,
1389 372 1497 419 quod
1531 355 1775 417 Ξῖξζῖζῑῷῗῄὲᾖῠ

193 431 317 466 multa
361 437 451 465 sunt
495 438 602 465 extra
647 430 721 465 hoc
766 429 928 465 instans
976 430 1050 465 Pro
1095 428 1206 465 cuius
1251 428 1497 464 deduccione
1525 424 1773 486 ΗΓΕΗῚΠΩΟΞΟἜΞῙΙῚῙΠ

192 486 401 536 supposito
426 499 514 523 cum
538 487 751 523 Aristotele
773 488 949 523 secundo
974 488 1030 523 De
1054 486 1199 531 anima,
1234 487 1340 534 quod
1367 494 1497 522 motus
1536 494 1668 526 instant;
1691 502 1723 520 as
1744 493 1770 520 is

161 545 242 581 5sit
274 544 459 581 sensibile
499 557 726 589 commune,
765 553 873 592 patet
912 543 1141 592 supposicio
1181 556 1223 580 ex
1262 545 1350 590 hoc,
1390 544 1497 591 quod
1526 528 1779 596 ἶιρῗζὲἀεξέςῑῖῗζ

193 616 214 639 a
239 602 373 638 multis
397 602 603 650 speciebus
627 614 815 638 sensuum
849 611 979 650 potest
1002 601 1155 648 sentiri,
1188 610 1231 638 ut
1254 609 1363 649 patet
1384 609 1498 637 nota·
1560 597 1595 624 of
1612 597 1740 624 motion.

193 660 324 696 biliter
357 661 404 695 de
435 659 534 706 visu,
574 660 715 696 auditu
748 669 785 696 et
817 668 939 706 tactu,
974 668 1016 696 ut
1048 671 1166 696 nerno
1201 659 1370 705 dubitat,
1404 657 1499 707 quin

193 726 303 754 catus
336 725 465 765 potest
497 717 702 765 precipere
734 717 819 753 visu
850 726 1003 754 motum
1036 716 1159 753 muris
1183 725 1220 753 et
1242 729 1337 765 aper
1360 715 1500 753 auditu

192 775 397 824 precipere
441 783 594 811 motum
639 775 819 811 venantis
865 784 902 811 et
947 787 1094 811 aranea
1139 783 1249 811 tactu
1293 773 1500 823 precipere

140 844 177 865 10
194 842 347 869 motum
382 832 470 868 tele.
505 834 582 869 Isto
616 833 823 881 supposito
858 832 906 869 sit
938 835 971 869 A
1003 832 1237 869 sensitivum
1271 833 1380 880 quod
1413 843 1500 867 sen-

193 890 271 927 ciat
303 892 332 926 B
372 899 526 926 motum
568 890 852 936 successivum,
895 899 931 927 et
970 902 1109 939 quero,
1153 898 1289 926 utrum
1333 888 1503 937 percipit

192 949 302 984 illum
338 957 492 983 motum
526 950 745 984 secundum
780 957 947 996 partem,
982 961 1058 996 que
1090 947 1164 984 fuit
1195 948 1256 984 vel
1290 947 1363 983 erit
1395 955 1502 983 extra

194 1008 268 1042 hoc
300 1006 467 1051 instans,
510 1015 577 1042 aut
609 1019 703 1042 non.
750 1005 789 1042 Si
823 1006 891 1052 sic,
932 1018 1021 1042 cum
1057 1006 1189 1042 solum
1224 1004 1396 1053 percipit
1428 1004 1500 1040 sibi

192 1075 368 1112 presens,
402 1063 597 1111 sequitur,
631 1064 737 1112 quod
770 1073 902 1112 partes
937 1072 1068 1099 motus
1101 1072 1209 1099 extra
1241 1064 1317 1099 hoc
1349 1062 1503 1098 instans

140 1121 284 1158 15sunt
328 1121 460 1157 sensui
507 1129 723 1169 presentes.
777 1123 889 1158 Patet
935 1120 1128 1157 deduccio
1173 1133 1216 1157 ex
1262 1122 1349 1166 hoc,
1396 1121 1503 1168 quod

192 1179 315 1215 nichil
346 1179 577 1227 percipitur,
612 1178 687 1215 nisi
716 1181 825 1227 quod
860 1187 929 1225 est,
965 1191 1053 1215 cum
1088 1179 1295 1227 percipere
1330 1177 1379 1214 sit
1412 1190 1504 1225 cog—

193 1249 370 1283 noscere,
411 1245 452 1272 ut
491 1249 608 1273 nemo
648 1236 817 1284 percipit
850 1238 1091 1284 Chymeram
1132 1245 1199 1273 aut
1237 1236 1386 1284 aliqua,
1428 1247 1503 1283 que

193 1307 273 1331 non
305 1302 409 1340 sunt,
443 1294 536 1342 quia
569 1294 683 1331 aliter
714 1294 895 1331 sensacio
918 1294 1075 1342 passiva
1099 1294 1154 1330 rei
1178 1306 1258 1330 non
1282 1305 1501 1342 presuppo-

193 1360 303 1389 neret
336 1364 419 1388 esse
451 1352 597 1398 sentiti,
631 1353 739 1400 quod
773 1360 829 1388 est
862 1352 980 1388 nimis
1012 1353 1095 1388 leve
1128 1351 1293 1388 dictum.

138 1419 179 1440 20
251 1409 526 1446 Confirmatur
559 1422 602 1446 ex
636 1411 724 1455 hoc,
759 1412 866 1458 quod
899 1409 1008 1446 omni
1041 1418 1152 1446 actus
1186 1408 1391 1445 senciendi
1423 1415 1708 1456 ter-‘Present‘vis
1730 1416 1795 1442 that

196 1467 371 1503 minatur
423 1469 472 1503 ad
526 1467 715 1504 sentitum
761 1480 924 1504 movens
969 1480 1150 1513 sensum3
1203 1467 1292 1503 ideo
1336 1477 1502 1514 presens
1546 1451 1770 1513 wmscetilgz-pre

195 1525 339 1561 dicitur
369 1525 646 1573 ethymoloyce
679 1525 792 1573 quasi
824 1538 893 1574 pre
925 1537 1055 1571 sensu,
1088 1525 1178 1561 ideo
1210 1537 1291 1561 non
1323 1523 1502 1569 dubium,

195 1582 291 1631 quin
334 1595 453 1619 omne
497 1584 605 1631 quod
649 1583 830 1628 sentitur,
876 1592 931 1619 est
969 1582 1078 1631 prius
1117 1582 1261 1619 sensui.
1310 1582 1349 1619 Si
1390 1582 1505 1617 detur

195 1642 412 1676 secundum
458 1649 500 1676 ut
545 1653 728 1688 sequens,
774 1649 868 1677 tunc
907 1654 987 1677 non
1027 1649 1083 1677 est
1123 1639 1311 1689 possibile
1352 1647 1505 1675 motum

140 1697 179 1729 25
196 1698 463 1735 successivum
496 1700 716 1735 secundum
751 1699 927 1747 aliquam
969 1698 1051 1735 eius
1090 1707 1245 1746 partem
1286 1696 1506 1734 successive

198 1756 432 1792 divisibilem
467 1756 644 1792 totaliter
680 1757 827 1803 videre,
860 1758 967 1805 quod
1007 1758 1200 1805 probatur
1234 1754 1507 1803 multipliciter

198 1826 282 1850 esse
326 1813 587 1861 impossibile,
628 1822 665 1850 et
706 1815 1000 1862 consequencia
1039 1822 1148 1862 patet
1187 1826 1229 1850 ex
1269 1814 1358 1859 hoc,
1399 1813 1507 1860 quod

199 1872 229 1907 si
269 1871 535 1908 successivum
570 1872 791 1920 quamlibet
831 1872 914 1909 eius
954 1881 1108 1920 partem
1148 1872 1303 1908 videtur
1329 1897 1506 1908 ......

270 2418 314 2445 28.
337 2419 408 2446 Post
429 2418 549 2445 videtur
568 2418 677 2445 lacuna
700 2417 818 2453 aliquot
838 2417 991 2444 linearum
1011 2417 1042 2444 in
1063 2417 1128 2444 cod.

270 2546 302 2576 4.
344 2537 398 2578 Cf.
431 2536 532 2567 Arist.
564 2536 615 2567 De
646 2536 760 2566 anima
792 2535 833 2566 ΙΙῙ
866 2545 891 2574 1,
922 2534 937 2566 5
973 2534 1056 2570 (Ed.
1085 2535 1169 2565 Par.
1199 2533 1257 2565 III
1279 2534 1361 2573 462,
1387 2535 1410 2565 8
1435 2535 1513 2575 ss):

205 2580 298 2613 Ἀλλὰ
323 2579 394 2623 μὴν
418 2579 503 2613 οὐδὲ
529 2583 603 2612 τῶν
626 2583 759 2612 κοινῶν
790 2576 870 2613 οἷόν
900 2580 929 2611 τ’
957 2579 1048 2612 εἰναι
1081 2577 1323 2621 αἰσθητήριόν
1348 2590 1381 2610 τι
1406 2578 1512 2619 ἰὸιον,

204 2623 255 2659 ὧν
268 2624 396 2670 ἑκάστῃ
414 2625 584 2669 αἰσθήσει
601 2625 860 2669 αἰσθανόμεθα
878 2625 967 2658 κατὰ
987 2624 1219 2668 συμβεβηκὸς,
1233 2621 1313 2657 οἷον
1329 2624 1513 2667 κινήσεως,

204 2673 376 2715 στάσεως,
402 2672 590 2716 σχήματος,
616 2671 804 2714 μεγέθους,
830 2671 1004 2715 ἀριθμοῦ,
1030 2669 1125 2709 ἑνὸς·
1159 2674 1274 2725 ταζντα
1304 2670 1370 2714 γὰρ
1395 2671 1514 2703 πάντα

203 2718 339 2761 κινήσει
376 2717 635 2761 αἰσθανόμεθα
654 2744 797 2750 ......
830 2717 890 2750 καὶ
927 2720 1002 2755 τοῖς
1039 2716 1163 2754 ἰδίοις·
1203 2714 1334 2760 ἑκάστη
1371 2715 1438 2759 γὰρ
1476 2714 1515 2750 ἓν

205 2763 422 2797 αἰσθάνεται
425 2764 637 2820 αἰσθησις·
678 2763 768 2796 ὥστε
801 2764 920 2807 δῆλον,
960 2761 1015 2796 ὅτι
1046 2762 1228 2796 αδύνατον
1258 2761 1383 2796 ὁτιοῦν
1418 2761 1515 2795 ἰδίαν

197 2810 380 2854 ἀἰσθησιν
407 2805 498 2843 εἶναι
523 2810 674 2853 τούτων,
699 2806 778 2843 οἷον
803 2809 987 2852 κινήσεως.
