2056 3234
292 1317 492 1357 Intercbange
512 1316 546 1344 of

317 1360 519 1389 aequivocum

281 1389 355 1416 with
376 1387 553 1450 ugilxlsocum.

306 1456 528 1492 significations

296 1492 408 1527 (signa)
428 1499 479 1519 are
499 1499 534 1518 so

291 1527 337 1554 far
357 1526 489 1553 univoca
509 1534 542 1553 as

350 1561 421 1597 they
441 1569 491 1588 are

316 1595 521 1631 intrinsically

308 1630 529 1665 significations

299 1665 407 1700 (signa)
430 1665 467 1692 all
489 1672 539 1692 are

301 1700 478 1735 aequivoca,
500 1707 533 1726 as

296 1736 366 1771 they
386 1738 544 1769 represent

356 1769 486 1797 entities.

288 2531 390 2559 Three
411 2531 551 2558 different

333 2566 458 2605 degrees
478 2566 512 2605 of

314 2604 526 2636 aeqmvocatlo

287 2636 346 2663 and
367 2635 554 2663 univocatio.

1012 217 1235 249 JOHANNIS
1261 216 1428 249 WICLIF
1729 213 1819 242 CAP.
1840 215 1876 243 ΙΙ.

566 323 819 372 Equivocans
864 322 1024 369 dicitur,
1070 324 1177 371 quod
1223 324 1294 359 sub
1339 335 1379 359 se
1423 322 1711 370 equivocantur
1751 323 1877 360 multa

567 381 789 430 supposita,
824 380 904 417 sive
937 380 986 416 sit
1018 392 1079 416 res
1113 380 1338 417 communis
1372 381 1554 429 analoga,
1608 380 1687 418 sive
1719 380 1876 429 signum

567 439 663 476 eius.
716 438 965 488 Equivocum
1006 437 1286 487 equivocaturn
1327 446 1397 484 est,
1438 438 1500 474 cui
1539 437 1730 486 competit
1770 438 1879 487 equi-

566 509 714 533 vocans
747 498 968 533 secundum
1002 496 1199 532 diversam
1232 495 1436 532 racionem
1472 495 1549 532 dici
1583 508 1673 532 cum
1707 496 1806 542 aliis,
1836 505 1879 532 ut

568 554 743 603 quelibet
775 567 836 591 res
871 553 1011 590 mundi
1044 553 1306 602 equivocatur
1343 555 1414 590 sub
1448 555 1754 590 transcendente
1788 566 1908 590 cum-

567 612 702 661 aliqua
734 612 824 649 alia.

625 672 680 706 Ex
731 670 816 707 istis
868 678 1007 718 patent
1051 669 1183 718 alique
1227 669 1517 706 conclusiones.
1571 668 1718 717 Prima,
1771 670 1879 718 quod

567 741 687 765 omne
732 728 970 777 equivocum
1018 736 1075 764 est
1118 726 1377 764 univocatum
1421 737 1458 764 et
1503 735 1679 774 econtra,
1729 735 1766 763 et
1809 740 1880 776 per

568 799 815 835 consequens
849 799 931 823 non
965 785 1271 834 distingwuntur
1294 787 1365 822 hec
1396 798 1439 822 ex
1467 785 1670 834 opposito,
1698 785 1879 834 quamvis

567 853 761 893 repugnet
804 844 911 880 idern
943 845 1162 880 secundum
1195 843 1302 880 idem
1348 856 1431 880 esse
1475 852 1657 892 respectu
1700 842 1878 880 eiusdem
1900 855 1938 877 10

569 902 806 951 equivocum
841 911 878 938 et
908 901 1139 938 univocum.
1165 901 1298 938 Prima
1331 914 1422 950 pars
1446 910 1557 949 patet
1590 914 1634 938 ex
1656 902 1745 948 hoe,
1770 902 1879 950 quod

569 973 688 997 omne
721 973 789 997 ens
823 959 1083 1009 equivocatus
1115 960 1187 996 sub
1220 960 1540 1006 transcendente,
1575 968 1611 996 et
1642 960 1797 996 nullum
1822 968 1879 996 est

569 1031 636 1055 ens
669 1018 767 1055 citra
801 1020 942 1064 Deum,
992 1018 1153 1066 quando
1191 1017 1430 1054 univocatur
1473 1030 1563 1054 cum
1604 1016 1739 1066 aliquo
1778 1017 1877 1064 alio;

569 1076 660 1112 ideo
693 1089 811 1112 omne
843 1075 1057 1113 univocum
1091 1075 1348 1112 univocatum
1390 1083 1448 1111 est
1486 1075 1722 1124 equivocum
1769 1074 1879 1124 equi-

567 1142 754 1171 vocatum
790 1142 827 1171 et
859 1142 1035 1170 econtra.
1098 1135 1145 1169 Et
1189 1134 1365 1169 secunda
1410 1146 1503 1181 pars
1547 1142 1657 1182 patet
1701 1145 1744 1169 ex
1788 1134 1935 1180 hoc,1:‘>

569 1193 678 1241 quod
729 1192 838 1229 racio
891 1190 1214 1240 equivocacionis
1260 1199 1297 1227 et
1339 1191 1641 1228 univocacionis
1686 1199 1776 1227 sunt
1820 1191 1879 1227 in-

573 1250 876 1298 compossibiles
910 1251 956 1285 de
990 1250 1129 1286 eodem
1163 1248 1295 1297 primo
1327 1257 1512 1297 respectu
1544 1249 1733 1286 eiusdem.

628 1309 812 1344 Secundo
845 1316 967 1356 patet,
1001 1308 1109 1355 quod
1136 1308 1284 1343 nedum
1310 1307 1503 1355 equivoca
1527 1306 1764 1356 equivocata
1786 1315 1878 1343 sunt

570 1366 740 1403 univoca
783 1365 1048 1402 univocancia
1093 1373 1129 1401 et
1174 1373 1351 1410 econtra,
1397 1366 1465 1401 sed
1510 1366 1649 1402 eadem
1694 1373 1879 1412 respectu

572 1424 820 1461 diversorum
855 1432 946 1460 sunt
978 1422 1149 1459 univoca
1181 1422 1447 1459 univocancia
1480 1431 1517 1459 et
1550 1422 1745 1472 equivoca
1769 1421 1878 1471 equi-
1895 1435 1936 1456 20

569 1482 774 1527 vocancia,
818 1494 911 1518 curn
954 1481 1098 1529 quibus
1137 1480 1186 1517 sit
1224 1489 1307 1517 tam
1338 1480 1566 1527 univocum,
1613 1493 1733 1529 quam
1768 1479 1878 1529 equi-

569 1553 727 1577 vocum.
775 1539 909 1575 Prima
947 1552 1040 1587 pars
1079 1547 1188 1586 patet
1228 1551 1271 1575 ex
1304 1540 1393 1584 hoc,
1441 1539 1549 1587 quod
1591 1538 1727 1575 omnia
1765 1538 1879 1586 signa

570 1598 838 1635 univocantur
860 1598 932 1633 sub
967 1598 1042 1633 hoc
1077 1596 1282 1632 communi
1316 1596 1543 1644 “signum'',
1579 1605 1615 1633 et
1639 1596 1878 1645 equivocam-

570 1665 635 1692 tur
667 1657 739 1692 sub
772 1656 848 1692 hoc
882 1653 1087 1691 communi
1121 1655 1258 1691 “ens''.
1301 1656 1431 1691 Omne
1471 1654 1598 1691 eciam
1638 1653 1876 1703 equivocum

570 1713 810 1751 univocatur
833 1714 904 1749 sub
930 1713 1005 1749 hoc
1038 1712 1245 1749 communi
1279 1711 1574 1761 “equivocum'’
1610 1721 1647 1748 et
1680 1711 1877 1760 quotlibet
1895 1713 1935 1746 25

572 1771 659 1809 aliis
682 1771 975 1816 communibus,
1011 1779 1047 1807 et
1071 1771 1196 1807 multa
1220 1770 1315 1806 talia
1337 1770 1604 1807 univocantur
1626 1771 1697 1806 sub
1721 1782 1761 1806 se
1785 1769 1876 1815 alia,

569 1839 613 1866 ut
652 1838 762 1878 patet
802 1838 883 1866 tarn
925 1830 971 1864 de
1012 1827 1147 1876 figuris
1187 1841 1306 1877 quam
1342 1830 1389 1864 de
1422 1830 1539 1865 rebus
1579 1826 1876 1864 communibus.

568 1889 874 1924 Transcendens
914 1895 1061 1931 autem,
1101 1888 1207 1934 quod
1248 1895 1304 1922 est
1344 1886 1581 1934 equivocum
1622 1885 1876 1935 equivocans,

571 1954 629 1982 est
663 1945 800 1982 omnia
834 1945 913 1991 illa,
956 1952 992 1980 et
1033 1944 1088 1980 sic
1128 1956 1342 1981 commune
1381 1944 1619 1992 equivocum
1661 1952 1720 1980 est
1758 1955 1877 1979 omne

571 2003 823 2052 equivocum,
869 2003 977 2051 quod
1021 2001 1260 2038 univocatur
1299 2003 1371 2038 sub
1410 2002 1492 2047 illo,
1539 2011 1575 2038 et
1618 2001 1879 2050 equivocatus
1895 2005 1937 2037 30

571 2062 643 2098 sub
676 2073 716 2098 se
739 2061 830 2098 alia.
866 2062 979 2105 Ymo,
1015 2059 1046 2096 si
1080 2059 1275 2108 quidlibet
1307 2059 1507 2107 significat
1540 2059 1749 2108 quidlibet,
1784 2068 1878 2095 tunc

571 2119 767 2167 quidlibet
801 2127 857 2155 est
895 2117 1109 2154 univocum
1149 2117 1380 2163 univocans,
1421 2127 1457 2154 et
1491 2117 1730 2166 equivocum
1769 2115 1878 2165 equi-

570 2190 729 2223 vocans,
773 2185 810 2213 et
843 2188 913 2224 per
946 2188 1195 2224 consequens
1228 2184 1309 2212 tam
1344 2175 1572 2221 univocum,
1614 2188 1734 2224 quarn
1769 2174 1878 2223 equi-

570 2248 728 2272 vocum.
775 2236 888 2271 Patet
921 2247 1026 2282 ergo,
1062 2235 1170 2282 quod
1202 2242 1363 2282 oportet
1400 2233 1587 2280 limitare,
1629 2234 1670 2269 in
1703 2245 1781 2282 quo
1815 2244 1877 2269 res

571 2293 836 2330 univocantur
863 2292 924 2329 vel
957 2291 1257 2341 equivocantur,
1293 2292 1454 2340 quando
1488 2290 1692 2340 loquimur
1715 2292 1763 2327 de
1786 2289 1877 2337 illis,
1895 2291 1934 2326 35

571 2359 614 2387 ut
646 2350 875 2387 substancia
915 2358 951 2386 et
990 2350 1233 2399 quantitates
1278 2358 1368 2386 sunt
1412 2349 1579 2386 univoce
1623 2347 1876 2393 universalia,

573 2410 641 2445 sed
665 2408 856 2458 equivoce
890 2407 1015 2445 encia.
1049 2410 1182 2445 Homo
1206 2416 1243 2444 et
1265 2407 1379 2444 urina
1413 2407 1580 2444 univoce
1613 2415 1776 2455 quanta,
1809 2406 1879 2442 sed

574 2466 765 2516 equivoce
797 2479 905 2511 sana,
941 2474 977 2502 et
1010 2465 1065 2502 sic
1099 2467 1146 2502 de
1179 2465 1278 2502 aliis.

628 2524 771 2561 Tercio
804 2525 1041 2569 notandum,
1076 2525 1183 2572 quod
1206 2532 1285 2559 tres
1309 2531 1399 2559 sunt
1430 2524 1576 2571 gradus
1600 2520 1878 2570 equivocacio—

570 2581 630 2618 nis
663 2591 700 2618 et
733 2581 1047 2627 univocacionis,
1090 2590 1126 2617 et
1166 2594 1236 2629 per
1275 2593 1521 2629 consequens
1563 2579 1801 2629 equivocum
1841 2587 1936 2624 et40

570 2639 786 2677 univocum
834 2639 1030 2687 contingit
1074 2639 1113 2675 in
1159 2640 1299 2675 eodem
1346 2639 1517 2687 analogo
1563 2637 1644 2674 suis
1687 2637 1877 2686 gradibus

637 2798 678 2825 16.
702 2797 796 2825 Cod..·
815 2785 947 2835 Λῖ9ροῐεῆ.
1050 2803 1096 2830 24.
1121 2796 1193 2824 Coti.
1206 2805 1215 2822 .·
1237 2788 1536 2824 e‹:i;sv1nc'=?e'uoca2
1554 2799 1584 2824 et
1601 2795 1674 2824 haec
1693 2795 1799 2823 ullima
1819 2801 1879 2822 vox

569 2847 709 2872 correcta
729 2844 759 2871 in
780 2843 973 2879 equivocum.
