2056 3234
266 169 346 205 228
1048 172 1216 205 Johannis
1241 173 1363 205 Wiclif
1691 169 1818 204 Quaest.
1840 169 1862 196 I.

554 280 733 326 instanti,
767 281 884 316 habet
916 279 1182 328 propositum,
1216 278 1368 315 scilicet
1392 278 1432 314 in
1455 277 1590 325 aliquo
1613 290 1693 313 non
1727 276 1864 325 priori,

555 338 649 386 quia
680 351 760 374 non
793 339 910 373 datur
942 338 1051 385 prius
1074 337 1226 386 primo;
1259 350 1340 373 non
1363 336 1488 372 eciam
1513 335 1553 371 in
1576 335 1712 383 aliquo
1736 342 1866 382 poste-

555 395 665 442 riori,
699 395 793 444 quia
816 403 910 431 tunc
933 395 1001 431 illa
1025 394 1180 431 creacio
1214 394 1350 430 fuisset
1382 392 1617 438 successiva,
1652 405 1742 428 cum
1772 400 1866 427 tunc

555 454 687 502 primo
732 462 903 489 creasset
947 452 1121 501 primum
1166 452 1318 489 instans
1363 461 1400 488 et
1444 459 1582 499 postea
1627 449 1705 486 alia
1750 449 1866 485 huius

557 511 708 557 mundi,
742 512 851 559 quod
885 519 942 546 est
975 519 1115 547 contra
1140 509 1451 555 conclusionem,
1485 517 1522 545 et
1544 521 1617 556 pro
1641 508 1709 543 illo
1733 519 1867 543 corro-
1885 511 1901 543 5

556 569 657 605 lario
690 578 747 605 est
779 568 875 604 fides
908 580 1019 604 sacre
1057 568 1266 616 scripture,
1308 580 1384 616 que
1422 567 1557 603 fallere
1597 579 1677 601 non
1715 573 1866 613 potest:

557 628 653 663 Gen.
678 626 827 674 primo:
862 627 920 662 ‘In
942 625 1140 674 principio
1165 625 1312 662 creavit
1336 627 1440 661 Deus
1465 625 1594 661 celum
1619 632 1656 659 et
1688 625 1865 659 terratis.

280 693 387 734 assiu?
408 692 530 729 passive
614 686 919 721 CORROLARIUM
940 690 1183 719 SECUNDUM:
1217 683 1376 719 Passiva
1410 681 1566 718 creacio
1590 681 1705 717 huius
1730 679 1868 716 mundi

291 729 519 803 cffissgeo‘i'nssff‘
555 741 764 788 sensibilis,
798 742 1018 778 secundum
1053 754 1172 790 quam
1203 754 1224 777 a
1249 743 1332 777 Deo
1366 749 1521 777 creatus
1554 748 1625 786 est,
1660 748 1697 775 et
1730 751 1870 775 secun-

305 802 431 831 instant,
453 797 505 824 but
557 802 651 836 dum
692 812 812 848 quam
848 801 953 836 Deus
994 798 1327 835 denominacione
1366 798 1524 847 penitus
1563 799 1612 834 ab
1652 797 1929 833 extrinseco1o

370 833 376 845 ,
467 832 472 837 .

291 834 524 901 ἓνὲἒῑῑδοιῗς(ῐῐι.νὲ.
557 858 704 894 dicitur
744 859 938 894 mundum
974 857 1182 902 creavisse,
1224 856 1382 893 duravit
1420 856 1629 901 instanter,
1669 854 1800 890 subito
1834 863 1871 891 et

284 903 525 971 ὴζξίῗῦῄξὲεὲζῗὸ
556 924 851 964 permanenter.
868 917 991 960 Patet,
1008 915 1104 963 quia
1122 917 1227 951 Deus
1250 916 1468 951 secundum
1485 914 1595 950 illam
1611 912 1870 949 duracionem

295 971 516 1034 mffffisslafgffsby
558 973 789 1011 existentem
835 982 872 1009 et
917 973 1178 1009 duracionem
1224 972 1264 1008 in
1307 972 1440 1021 primo
1477 971 1641 1008 instanti
1680 970 1872 1018 temporis

471 1026 476 1032 ’
558 1031 705 1068 dicitur
743 1032 939 1066 mundum
986 1043 1141 1067 creasse
1185 1030 1225 1066 in
1271 1030 1403 1078 primo
1449 1029 1613 1066 instanti
1658 1028 1871 1076 temporis;

558 1089 677 1138 igitur
702 1118 709 1125 .
734 1119 742 1126 .
768 1117 774 1124 .
805 1089 883 1125 Sed
916 1089 1062 1125 dicitur
1099 1087 1256 1125 creacio
1290 1088 1361 1124 Dei
1395 1088 1537 1134 activa,
1577 1099 1654 1135 que
1693 1095 1752 1123 est
1790 1086 1930 1122 eius15

559 1148 697 1184 efficax
712 1147 908 1193 voluntas,
933 1159 1053 1195 penes
1072 1160 1192 1195 quam
1213 1146 1416 1183 efficacem
1432 1146 1680 1182 voluntatem
1700 1145 1873 1180 mundus

559 1205 700 1250 existit,
734 1213 825 1252 post
857 1217 977 1253 quam
1011 1204 1134 1240 nichil
1167 1204 1314 1241 creavit
1346 1204 1504 1252 penitus
1539 1203 1578 1239 in
1612 1201 1841 1247 existencia3
1868 1198 1871 1255 Ι
1901 1207 1939 1237 F.
1960 1216 2021 1249 ¹79

559 1264 626 1300 illa
657 1275 739 1298 non
771 1271 901 1310 potest
925 1262 1148 1299 mensurari
1170 1262 1350 1307 instanti,
1384 1271 1427 1298 ut
1450 1263 1613 1298 haberet
1637 1273 1720 1297 esse
1743 1260 1874 1296 subito

559 1331 596 1357 et
629 1329 926 1369 permanenter,
961 1333 1052 1357 cum
1081 1320 1130 1356 sit
1153 1320 1390 1368 simpliciter
1411 1318 1636 1356 necessaria
1665 1327 1701 1354 et
1725 1327 1873 1354 eterna.

307 1389 340 1429 1¹?
362 1388 474 1416 clause
494 1395 509 1414 2
619 1381 838 1424 Quantum,
861 1380 911 1414 ad
944 1380 1164 1414 secundum
1199 1378 1414 1415 articulum
1453 1387 1564 1424 noto,
1604 1378 1711 1425 quod
1751 1384 1875 1412 restat
1891 1391 1933 1412 20

278 1423 537 1494 ξζέζὶἔξὶἓξεῃὲἶ
561 1436 706 1481 dicere,
730 1436 798 1472 ubi
821 1437 897 1472 hoc
921 1436 1154 1473 adverbium
1179 1435 1320 1484 ‘prius³
1346 1435 1588 1472 determinat
1611 1436 1686 1471 hoc
1708 1435 1873 1470 verbum

330 1498 360 1520 to
378 1495 489 1527 potest.
561 1503 707 1542 potest,
731 1503 768 1530 et
783 1494 850 1529 ubi
867 1494 1107 1530 determinat
1131 1495 1206 1530 hoc
1221 1495 1384 1530 verbum
1403 1495 1639 1542 producere.
1664 1494 1753 1528 Non
1768 1492 1874 1528 enim

563 1553 728 1588 dubium
763 1561 834 1598 est,
867 1552 964 1600 quin
988 1555 1093 1588 Deus
1116 1554 1165 1588 ab
1190 1561 1326 1588 eterno
1350 1552 1489 1588 habuit
1512 1563 1628 1599 posse
1652 1551 1875 1599 producere

563 1612 772 1656 mundum,
796 1619 1012 1658 antequam
1038 1612 1211 1646 mundus
1235 1609 1437 1646 existeret:
1462 1609 1659 1657 accipitur
1677 1621 1770 1656 ergo
1797 1608 1874 1654 hic,

561 1669 664 1705 sicut
687 1680 868 1716 expresse
891 1668 1054 1715 ponitur
1079 1668 1118 1703 in
1142 1668 1282 1715 tytulo,
1299 1668 1563 1715 personaliter
1586 1666 1875 1703 determinatur
1892 1671 1932 1702 25

563 1728 638 1763 hoc
670 1728 836 1763 verbum
869 1727 1104 1773 producere.

302 1791 514 1833 Tlireestripds
621 1787 725 1820 Noto
758 1785 947 1830 secundo,
981 1785 1104 1832 quod,
1137 1784 1229 1820 licet
1262 1783 1371 1831 prius
1394 1783 1550 1819 dicatur
1574 1782 1709 1818 multis
1733 1781 1875 1823 modis,

315 1831 346 1855 ⁰¹
366 1832 512 1863 pmomy:
563 1852 606 1879 ut
638 1851 747 1890 patet
779 1841 820 1877 in
849 1851 939 1889 post
971 1841 1223 1889 presentatis,
1258 1850 1408 1887 tamen,
1442 1850 1637 1889 quantum
1657 1840 1804 1876 sufficit
1826 1841 1875 1875 ad

564 1899 903 1949 proposicionem,
938 1899 1083 1936 dicitur
1115 1899 1345 1947 tripliciter:
1378 1912 1459 1935 uno
1493 1900 1612 1935 modo
1644 1898 1755 1946 prius
1779 1907 1877 1933 eter-

565 1959 704 2005 nitate,
737 1959 913 1994 secundo
948 1959 1068 1993 modo
1101 1967 1258 2003 natura,
1292 1958 1418 1994 tercio
1452 1959 1572 1994 modo
1604 1966 1786 2004 tempore
1817 1956 1878 1992 vel
1894 1961 1936 1993 30

565 2016 727 2053 instanti
761 2015 967 2063 temporis.

293 2084 315 2122 1„
337 2083 369 2110 In
391 2082 536 2122 eternity;
623 2076 870 2111 CONCLUSIO
900 2081 1039 2107 PRIMA:
1086 2076 1205 2119 Deus,
1239 2073 1307 2121 qui
1348 2073 1496 2109 creavit
1529 2073 1723 2108 mundum
1757 2071 1879 2107 sensi-

300 2117 524 2179 Ῑῃωζῐίἷῗᾞὲθ
566 2133 685 2169 bilem
719 2132 758 2168 in
791 2132 925 2180 primo
958 2131 1122 2168 instanti
1155 2131 1362 2179 temporis,
1395 2130 1527 2179 potuit
1560 2143 1649 2167 eum
1690 2129 1799 2178 prius
1839 2129 1878 2164 in

307 2187 517 2257 biiingmiiistiiie
567 2190 778 2227 eternitate
817 2191 1039 2238 producere
1078 2190 1118 2225 in
1152 2202 1235 2225 esse
1269 2202 1339 2225 suo
1373 2188 1626 2236 intelligibili.
1669 2189 1877 2232 Probatur,

303 2257 406 2284 divine
428 2255 524 2282 mind.
567 2249 661 2297 quia
686 2251 792 2284 Deus
825 2260 964 2284 creans
999 2249 1192 2283 mundum
1227 2247 1455 2283 sensibilem
1489 2247 1528 2282 in
1558 2246 1690 2294 primo
1714 2245 1935 2283 instanti35

567 2306 761 2355 temporis
801 2307 850 2342 ab
886 2315 1025 2342 eterno
1058 2305 1244 2353 produxit
1278 2317 1368 2341 eum
1401 2304 1441 2341 in
1474 2316 1559 2340 esse
1591 2317 1663 2340 suo
1696 2302 1879 2350 intelligi-

568 2365 655 2401 bili:
690 2364 810 2412 igitur
842 2372 1095 2411 assumptum
1129 2364 1338 2412 probatur,
1363 2362 1457 2410 quia
1480 2362 1554 2398 iste
1584 2362 1756 2398 mundus
1780 2370 1879 2397 eter-

568 2423 712 2459 naliter
734 2423 852 2458 habet
876 2435 960 2458 esse
983 2435 1005 2457 a
1029 2423 1112 2458 Deo
1136 2421 1175 2457 in
1199 2430 1331 2457 mente
1355 2420 1501 2465 divina,
1536 2433 1626 2456 cum
1651 2418 1880 2455 eternaliter

568 2481 607 2516 in
641 2489 773 2516 mente
805 2480 939 2516 divina
972 2479 1056 2515 eius
1090 2479 1140 2515 sit
1171 2479 1332 2526 proprie
1366 2478 1529 2526 propria
1563 2476 1879 2525 intelligibilitas,

568 2551 647 2586 qua
679 2538 762 2585 ipse
795 2551 817 2573 a
842 2540 924 2573 Deo
958 2546 994 2573 et
1026 2537 1213 2573 omnibus
1245 2536 1333 2572 aliis
1363 2535 1663 2572 distinctissime
1688 2544 1745 2571 est
1767 2535 1880 2570 intel-
1894 2548 1938 2579 40

569 2596 743 2643 ligibilis,
769 2609 858 2632 cum
876 2597 1096 2631 secundum
1112 2607 1183 2642 per
1198 2607 1238 2630 se
1254 2594 1426 2642 primam
1443 2603 1480 2630 et
1496 2594 1657 2642 proprie
1673 2592 1878 2641 propriam

639 2718 683 2745 28.
705 2718 898 2753 presentans]
920 2718 1006 2745 md..-
1027 2716 1114 2752 pntf',

640 2801 670 2832 7.
700 2790 786 2823 Gen.
814 2793 840 2829 1,
868 2793 894 2822 1.
