2056 3234
269 1075 307 1106 ΙΙ.

257 1191 310 1222 ΙΙΙ.

254 1249 310 1280 IV.

303 1330 311 1338 .
337 1307 461 1338 Utrum
495 1307 679 1349 quodlibet
711 1308 920 1349 productum
954 1317 972 1338 a
1007 1307 1081 1338 sola
1114 1308 1225 1348 prima
1258 1318 1362 1339 causa
1394 1306 1605 1339 sufficienter
1638 1315 1670 1339 et
1694 1310 1844 1339 totaliter

254 1423 310 1454 VI.

242 1480 313 1512 VII.

222 1597 306 1628 VIII.

256 1655 310 1686 IX.

255 1946 311 1976 XI.

239 2004 310 2035 XII.

221 2063 306 2093 XIII.

570 773 1099 836 QUAESTIONUM
1140 772 1612 836 CONSPECTUS.

298 981 306 990 .
331 959 454 991 Utrum
481 959 586 998 Deus,
620 959 679 1000 qui
707 959 835 990 creavit
861 958 1031 989 mundum
1060 958 1261 989 sensibilem
1289 958 1325 989 in
1351 960 1466 1000 primo
1493 960 1632 991 instanti
1659 960 1838 1002 temporis,

334 1017 447 1059 potuit
466 1017 580 1059 ipsum
600 1017 695 1058 prius
714 1017 909 1058 producere
928 1022 961 1047 et
976 1016 1235 1047 communicare
1255 1018 1448 1049 creanciam
1467 1018 1568 1049 alicui
1588 1028 1673 1059 pure
1688 1024 1841 1054 creature

333 1075 457 1106 Utrum
484 1075 748 1116 proposiciones
773 1074 973 1118 ypothetice
1000 1085 1018 1105 a
1045 1074 1248 1106 veritatibus
1281 1076 1475 1117 exemplate
1502 1076 1623 1118 quales
1654 1082 1688 1107 et
1713 1082 1842 1117 quante

335 1133 399 1164 sub
426 1139 560 1174 septem
587 1132 771 1175 speciebus
798 1132 1140 1174 comprehendantur
1195 1155 1841 1165 ............

337 1191 461 1223 Utrum
488 1191 599 1233 possit
626 1191 800 1222 illibertari
826 1190 975 1222 liberum
1003 1190 1180 1222 arbitrium
1208 1192 1368 1232 potencie
1394 1192 1536 1224 volitive
1602 1214 1841 1223 .....

337 1249 461 1280 Utrum
488 1249 605 1291 aliqua
632 1249 776 1281 felicitas
803 1249 1029 1291 capacitatem
1048 1249 1242 1281 intellectus
1259 1248 1402 1280 humani
1424 1250 1574 1281 totaliter
1590 1249 1695 1281 habet
1713 1250 1843 1281 saciare

335 1364 440 1396 habet
467 1375 542 1396 esse
611 1389 619 1396 .
669 1388 677 1396 .
727 1389 734 1396 .
785 1389 792 1396 .
828 1400 831 1405 ¹
843 1388 1842 1397 ..................

337 1423 462 1454 Utrum
490 1423 603 1455 celum
631 1424 673 1454 sit
699 1424 935 1465 compositum
963 1433 1002 1454 ex
1029 1424 1172 1454 materia
1199 1430 1231 1454 et
1257 1423 1369 1454 forma
1430 1446 1842 1454 ........

340 1481 476 1512 Utrum*
496 1482 674 1523 possessio
708 1482 913 1513 diviciarum
945 1481 1138 1512 secundum
1171 1491 1208 1513 se
1240 1481 1318 1523 plus
1345 1482 1455 1523 prosit
1488 1481 1622 1512 homini
1651 1481 1772 1512 morali
1800 1482 1842 1512 ad

337 1539 443 1570 vitam
469 1540 663 1571 virtuosam
689 1540 876 1579 moraliter,
905 1550 1010 1581 quam
1038 1540 1194 1571 carencia
1221 1540 1411 1571 earundem
1484 1562 1839 1570 .......

336 1596 460 1629 Utrum
486 1598 580 1629 Deus
606 1599 720 1640 potuit
747 1598 919 1629 mundum
947 1598 1021 1629 sine
1048 1598 1121 1630 eius
1148 1598 1329 1629 creacione
1354 1597 1548 1639 producere
1661 1621 1669 1628 .
1718 1620 1726 1628 .
1775 1621 1783 1628 .
1833 1620 1841 1628 .

337 1655 461 1687 Utrum
488 1656 694 1696 intellectus,
722 1657 916 1698 supposito,
951 1656 1047 1697 quod
1074 1657 1161 1687 inter
1186 1656 1415 1698 proprietates
1441 1655 1714 1697 perfeccionales
1740 1656 1841 1697 primi

339 1714 472 1755 agentis
510 1725 582 1745 non
620 1715 664 1745 sit
700 1714 856 1746 formalis
895 1721 928 1746 et
971 1714 1071 1745 realis
1111 1715 1303 1754 disfinccio,
1348 1715 1460 1755 possit
1504 1714 1686 1755 concipere
1725 1724 1843 1745 earum

338 1771 600 1803 distinccionem
629 1771 761 1813 absque
788 1772 1055 1813 comparacione
1082 1772 1124 1802 ad
1152 1781 1204 1802 res
1231 1772 1273 1802 ad
1301 1777 1404 1811 extra,
1431 1771 1503 1802 sive
1528 1771 1743 1813 generaliter,
1770 1771 1843 1803 sive

338 1830 380 1860 ad
407 1829 549 1861 effectus
610 1852 1841 1861 ......................

308 1912 314 1918 .
341 1887 465 1919 Utrum
492 1889 604 1930 prima
630 1888 827 1919 substancia
854 1889 972 1919 omnia
997 1887 1177 1930 possibilia
1203 1888 1380 1929 intellegat
1406 1894 1438 1919 et
1465 1887 1583 1929 diligat
1609 1885 1739 1918 infinite
1777 1910 1785 1918 .
1834 1910 1842 1918 .

337 1946 461 1977 Utrum
488 1947 603 1977 omnis
636 1946 749 1978 forma
781 1947 921 1977 animati
954 1946 1188 1977 substantialis
1221 1946 1265 1977 sit
1297 1945 1516 1976 indivisibilis
1543 1955 1615 1987 quo
1641 1946 1684 1976 acl
1711 1945 1842 1976 molem

336 2004 460 2036 Utrum
488 2011 624 2036 cometa
651 2005 695 2036 sit
720 2005 762 2036 de
788 2011 910 2036 natura
938 2004 1000 2036 celi
1026 2004 1084 2036 vel
1109 2003 1308 2035 elementari
1371 2026 1841 2036 .........

336 2063 458 2094 Utrum
499 2063 673 2105 perfeccio
712 2064 925 2105 cognicionis
965 2072 1068 2094 cause
1100 2063 1252 2093 secunde
1285 2063 1362 2104 plus
1396 2072 1412 2093 a
1444 2063 1560 2093 medio
1594 2062 1841 2104 cognoscendi,

339 2130 445 2162 quam
473 2131 492 2152 a
518 2122 677 2162 potencia
704 2121 940 2162 cognoscendi
968 2121 1011 2151 sit
1036 2120 1236 2160 accipienda
1256 2143 1841 2152 ...........

1886 930 1955 957 pag.

1892 1018 1954 1050 223

1893 1134 1955 1166 233

1893 1201 1959 1232 244

1894 1248 1953 1280 251

1894 1365 1960 1406 254

1895 1422 1959 1455 258

1894 1539 1956 1572 265

1893 1607 1955 1639 272

1893 1828 1955 1861 282
