2056 3234
178 205 267 232 CAP·
289 203 383 231 XXII·
502 206 561 237 DE
589 205 711 237 ENTE
739 205 1161 239 PREDICAMENTALI.
1696 210 1776 246 219

181 325 271 349 curn
306 311 483 348 essencia
516 310 648 348 divina
680 311 816 348 omnia
849 310 1103 348 uniformiter
1136 320 1173 348 et
1201 311 1489 349 invariabiliter

180 378 438 418 representat.
473 369 565 405 Ideo
599 368 707 415 dicit,
741 370 850 417 quod
883 371 988 405 Deus
1021 369 1143 405 nichil
1175 378 1304 417 potest
1336 370 1489 407 noviter
1569 377 1630 416 For
1649 376 1716 405 God

181 427 345 474 diligere
377 427 437 463 vel
469 425 593 473 odire,
626 428 695 462 sed
727 426 758 462 si
791 426 1010 475 aliquando
1040 426 1096 463 sic
1118 427 1224 471 facit,
1260 427 1489 464 eternaliter
1513 413 1772 474 cogarggeffiaesves

180 485 236 521 sic
259 484 352 521 facit
383 485 432 521 ad
466 483 583 530 intra,
617 492 659 519 ut
682 493 790 532 patet
813 483 1034 521 corrolario
1067 484 1231 532 capituli
1266 480 1354 521 23ii·
1388 487 1488 522 Cum
1525 481 1768 549 Ῐῗὲῑὲξξὲζῖζῦἒὶ

149 546 274 590 §ergo
307 541 472 589 diligere
504 554 585 577 rem
622 541 671 577 sit
693 542 793 578 velle
825 541 899 578 sibi
933 543 1082 577 bonurn
1107 551 1143 578 et
1165 542 1222 578 sic
1247 544 1296 578 ad
1319 542 1489 579 invicem
1538 549 1586 577 his
1606 551 1675 577 love
1695 549 1750 577 ἃς.

180 599 254 636 sibi
277 611 374 645 esse,
399 599 506 647 quod
529 607 586 635 est
608 599 813 635 fundabile
837 601 1001 645 bonurn,
1025 608 1147 647 patet,
1165 601 1273 647 quod
1297 600 1488 648 sequitur,
1522 585 1765 651 ἓῗζῖἓέἒέῗῃᾜ

181 657 212 694 si
251 659 356 693 Deus
401 656 617 705 quicquam
663 656 805 704 diligit,
856 666 949 693 tunc
991 656 1091 693 illud
1136 659 1255 694 habet
1300 670 1395 694 esse.
1444 660 1492 694 Et
1529 653 1762 715 agtiiczflssssfftlzn

182 728 272 752 cum
326 727 407 751 non
458 722 619 762 oportet
663 727 795 761 omne,
844 716 952 763 quod
997 716 1103 751 Deus
1149 715 1290 762 diligit,
1334 728 1493 763 semper
1531 709 1670 758 tempo're
1691 731 1756 750 suo.

182 772 392 810 actualiter
442 784 538 816 esse,
589 771 682 820 quia
725 771 781 809 sic
824 772 948 809 nichil
992 781 1124 820 posset
1174 772 1351 821 incipere
1396 785 1492 819 esse,

130 831 347 879 ioplanum
387 838 457 876 est,
498 830 606 877 quod
645 839 803 878 oportet
843 842 962 866 omne
1002 829 1193 866 dilectum
1232 843 1254 866 a
1287 832 1371 867 Deo
1410 843 1493 867 esse

182 888 222 924 in
260 897 440 936 ternpore
483 900 575 923 suo:
621 900 743 923 unum
784 887 906 936 prius,
952 896 989 924 et
1028 888 1137 924 aliud
1181 888 1392 936 posterius.
1446 890 1494 924 Et

184 945 444 982 confirmacio
488 944 600 981 istius
645 954 716 990 est,
762 946 869 993 quod
913 947 1021 994 apud
1060 947 1188 982 Deum
1228 946 1365 982 omnia
1403 955 1494 982 sunt

184 1003 405 1051 presencia,
438 1011 481 1038 ut
502 1002 750 1050 Augustinus
780 1012 816 1039 et
845 1003 917 1040 iste
939 1005 1088 1040 Doctor
1112 1015 1202 1039 curn
1236 1003 1323 1040 aliis
1356 1003 1493 1040 dicunt

185 1060 452 1097 concorditer.
484 1060 611 1097 Aliter
643 1060 748 1096 enim
782 1074 863 1097 non
896 1062 984 1109 plus
1018 1061 1216 1097 diceretur
1248 1063 1353 1097 Deus
1387 1074 1494 1098 com-

130 1119 434 1166 15prehendere
466 1118 602 1154 omnia
635 1117 766 1165 simul,
800 1131 921 1167 quam
955 1120 1077 1155 homo
1110 1118 1331 1167 intelligere
1358 1119 1493 1155 omnia

186 1175 324 1221 simul3
363 1185 472 1224 patet
511 1188 617 1224 ergo,
659 1178 767 1224 quod
806 1175 838 1212 si
872 1185 1003 1225 partes
1036 1176 1230 1225 temporis
1262 1185 1353 1213 sunt
1386 1178 1492 1224 apud

187 1235 329 1281 Deum,
363 1243 456 1270 tunc
488 1246 578 1270 vere
609 1242 711 1270 sunt.

248 1403 281 1433 4.
310 1393 362 1435 Cf.
389 1393 526 1424 Bradw.
552 1392 634 1425 ibid.
661 1393 672 1423 I
700 1394 739 1425 23
769 1393 865 1426 Corr.
892 1394 975 1434 (Ed.
1001 1394 1127 1434 Lond„
1150 1404 1184 1436 p.
1205 1396 1280 1427 240
1298 1394 1363 1436 E):
1393 1394 1493 1426 Unde

183 1440 345 1481 sequitur
372 1439 569 1480 manifeste,
597 1439 690 1481 quod
707 1439 807 1472 Deus
833 1441 963 1472 nullum
983 1441 1120 1473 noviter
1137 1441 1261 1485 diligit
1279 1450 1387 1483 neque
1405 1440 1491 1473 odit.
