2056 3234
250 186 337 214 CAP·
358 187 423 214 ΧΠ·
573 190 631 221 DE
659 189 780 221 ENTE
809 189 1231 221 PREDICAMENTALI.
1774 201 1783 223 1
1803 201 1812 223 ῐ
1833 201 1842 224 1

249 297 315 330 Est
362 307 453 342 ergo
500 307 637 331 sensus
681 295 870 346 Anselmi,
917 297 1025 344 quod
1069 304 1279 343 peccatum
1327 297 1445 332 debet
1478 309 1561 332 esse

248 352 486 400 permissum
521 362 557 388 et
589 352 789 400 punitum,
825 362 861 389 et
884 366 964 389 non
988 355 1104 389 debet
1128 365 1223 391 esse.
1257 352 1411 389 Cristus
1445 355 1562 390 debet

248 410 348 446 mori
382 422 425 446 ex
458 411 546 456 hoc,
587 412 695 459 quod
726 412 856 458 placet
899 410 1099 457 Trinitati,
1141 412 1249 459 quod
1283 411 1490 457 moriatur,
1525 420 1562 448 et

244 480 326 504 non
359 469 474 503 debet
506 468 607 504 mori
640 481 682 504 ex
714 481 786 505 sua
818 469 948 516 culpa.
988 471 1076 505 Non
1110 481 1202 516 ergo
1235 468 1391 505 videtur
1424 469 1559 516 michi,

214 525 278 566 5si
312 525 464 574 aliquid
498 535 636 562 causat
679 527 755 562 hoc
802 526 959 572 iniuste,
1006 527 1114 575 quod
1162 527 1236 563 hoc
1274 526 1322 563 sit
1355 526 1560 573 iniustum,

247 583 338 619 licet
370 582 501 619 omnis
535 592 718 620 creatura
765 584 890 632 possit
935 584 1012 621 dici
1045 584 1161 631 iusta,
1194 593 1238 621 ut
1270 593 1359 632 post
1393 584 1560 621 dicetur.

248 643 349 677 Nam
384 653 427 677 ex
459 653 539 688 quo
572 654 672 689 opus
706 642 879 678 hominis
913 651 970 678 est
992 642 1156 688 iustum,
1190 642 1221 678 si
1254 641 1488 678 immediate
1512 644 1560 678 ab

248 711 294 734 eo
327 698 428 735 iuste
461 698 543 744 fiat,
590 699 815 735 evidencius
859 699 988 736 omnis
1034 708 1218 736 creatura
1252 699 1323 736 Dei
1368 708 1424 736 est
1456 699 1560 736 iusta

248 758 381 804 quoad
413 765 599 793 naturam
624 770 751 802 suam,
785 759 1005 793 secundum
1040 770 1161 806 quam
1191 757 1292 793 iuste
1325 757 1368 794 fit
1401 770 1423 794 a
1457 760 1559 803 Deo;

194 833 233 854 10
247 814 351 850 sicut
384 813 487 850 enim
521 827 683 851 omnem
717 824 944 851 creaturam
979 828 1061 851 esse
1094 824 1151 851 est
1182 815 1347 862 iustum,
1387 828 1478 851 cum
1512 816 1561 852 sit

247 874 330 908 Deo
355 872 649 919 beneplacitum
674 881 710 909 et
732 885 893 909 omnem
918 882 1145 910 creaturam
1170 886 1265 920 esse,
1301 882 1357 909 est
1388 872 1561 921 ipsamet

247 938 442 975 creatura,
489 930 680 979 sequitur,
730 932 838 979 quod
870 931 999 967 omnis
1044 940 1226 968 creatura
1272 931 1322 967 sit
1353 931 1471 978 iusta,
1504 932 1560 968 lo-

247 989 408 1036 quendo
442 989 489 1024 de
527 987 685 1025 iusticia
729 989 948 1026 essenciali.
993 991 1074 1025 Nec
1106 989 1221 1026 aliter
1252 997 1384 1037 posset
1417 989 1560 1025 confir-

111 1054 232 1087 F.21s)
248 1045 348 1082 mari
381 1058 403 1082 a
435 1045 566 1093 primo
599 1058 669 1094 per
701 1059 741 1083 se
773 1046 944 1083 iusticia.
974 1049 978 1095 Ι

194 1112 230 1144 15
307 1105 526 1151 Loquendo
560 1113 692 1141 autem
728 1106 775 1141 de
807 1104 967 1141 iusticia
1000 1104 1237 1141 accidentali
1270 1105 1319 1141 ab
1342 1103 1559 1141 intrinseco

247 1161 334 1197 sola
367 1170 549 1198 creatura
583 1162 797 1199 racionalis
839 1172 895 1199 est
928 1163 1044 1208 iusta,
1085 1164 1247 1211 quando
1280 1163 1400 1199 habet
1433 1163 1559 1210 quali-

246 1228 370 1255 tatem
406 1221 677 1273 denotantem,
719 1229 756 1257 et
788 1220 864 1257 isto
905 1222 1025 1256 modo
1059 1229 1320 1268 opponuntur
1358 1220 1559 1257 contrarie

247 1276 397 1313 iustum
439 1286 475 1313 et
513 1277 719 1325 iniustum,
775 1287 811 1314 et
842 1277 966 1314 nichil
1004 1279 1117 1314 obest
1165 1286 1391 1314 creaturam
1430 1278 1559 1315 racio-

246 1335 376 1371 nalem
424 1347 507 1371 esse
546 1335 693 1372 iustam
738 1337 871 1384 quoad
911 1336 1130 1372 essenciam
1173 1337 1235 1373 vel
1272 1344 1473 1382 naturam,
1521 1345 1558 1372 et

190 1401 382 1432 2otamen
427 1392 616 1430 iniustam
657 1395 791 1442 quoad
836 1394 1071 1442 qualitatem
1110 1394 1423 1442 superadditam,
1466 1407 1556 1430 cum

246 1450 322 1487 ista
357 1463 439 1487 non
477 1451 616 1498 pocius
648 1460 923 1500 opponuntur,
965 1464 1085 1500 quam
1120 1453 1268 1488 bonum
1305 1452 1489 1488 naturale
1522 1461 1559 1488 et

248 1509 398 1544 malum
432 1508 576 1554 moris;
611 1518 775 1546 econtra
807 1518 940 1546 autem
976 1523 1056 1546 non
1088 1509 1246 1546 videtur
1279 1509 1415 1556 michi,
1450 1511 1558 1558 quod

246 1566 398 1615 aliquid
430 1575 561 1614 potest
594 1567 786 1603 iniustum
811 1569 944 1616 quoad
974 1576 1161 1604 naturam
1186 1577 1223 1604 et
1246 1567 1395 1604 iustum
1419 1580 1558 1604 secun-

246 1625 340 1660 dum
364 1624 563 1670 accidens,
599 1625 693 1673 quia
717 1625 848 1661 omnis
881 1625 1059 1673 privacio
1083 1626 1346 1674 presupponit
1369 1635 1554 1663 naturam

189 1690 229 1722 25
247 1683 394 1718 bonam
429 1694 472 1718 ex
505 1683 750 1731 privacione,
785 1696 874 1719 cum
909 1683 958 1719 sit
991 1685 1156 1720 bonum.

304 1741 416 1776 Patet
440 1753 546 1788 ergo,
581 1743 688 1789 quod
722 1750 883 1788 oportet
904 1742 1139 1778 Anselmum
1174 1754 1324 1789 ponere
1347 1741 1553 1789 agenciam

244 1796 283 1833 in
326 1797 461 1834 Judeis
513 1798 743 1835 distinctam
788 1811 810 1835 a
854 1799 1040 1847 passione
1086 1799 1218 1845 Cristi,
1270 1812 1347 1848 que
1392 1799 1554 1847 quidem

244 1855 408 1903 agencia
447 1865 503 1892 est
536 1858 584 1892 ab
617 1856 834 1893 intrinseco
866 1857 1026 1903 iniusta,
1061 1865 1098 1893 et
1130 1857 1262 1905 passio
1296 1856 1415 1894 Cristi
1447 1858 1556 1893 nullo

245 1915 364 1949 modo
397 1913 556 1960 iniusta,
590 1914 681 1951 licet
712 1914 827 1951 Judei
859 1914 1004 1951 iniuste
1044 1924 1163 1962 agant
1200 1915 1324 1961 illam,
1359 1927 1435 1963 que
1475 1928 1556 1951 non

186 1980 227 2013 30
243 1970 388 2007 iniuste
421 1972 564 2019 agitur.
600 1972 689 2008 Pari
724 1971 927 2008 evidencia
961 1972 1162 2009 diceretur
1193 1974 1358 2009 verbum
1393 1972 1464 2009 Dei
1497 1972 1555 2008 in-

243 2028 392 2065 iustum
428 2039 465 2066 et
498 2030 662 2076 malum,
697 2029 791 2078 quia
815 2040 1003 2066 causatur
1035 2030 1193 2067 occasio
1223 2032 1272 2066 ab
1306 2043 1351 2067 eo
1384 2030 1555 2067 faciendi

244 2087 393 2123 malum
429 2087 554 2123 eciam
590 2089 722 2136 quoad
756 2087 960 2133 deitatem,
1001 2097 1038 2125 et
1077 2100 1149 2136 per
1186 2088 1293 2124 idem
1326 2088 1554 2124 humanitas

242 2156 313 2180 sua
336 2145 438 2181 foret
462 2146 581 2191 mala,
611 2145 643 2181 si
668 2145 813 2182 iniuste
837 2145 880 2181 fit
913 2147 1135 2182 secundum
1159 2158 1320 2182 carnem
1344 2159 1366 2182 a
1389 2145 1553 2182 remotis

241 2201 322 2238 suis
355 2202 600 2250 parentibus.
636 2205 683 2239 Et
707 2205 843 2251 quoad
867 2205 1081 2240 Doctorem
1107 2204 1369 2250 Profundum,
1404 2216 1553 2252 ponen-

183 2266 223 2300 35
242 2268 321 2295 tem
355 2260 561 2297 accionem
597 2270 634 2297 et
657 2261 883 2308 passionem
919 2274 1002 2298 esse
1035 2263 1203 2298 eandem
1234 2261 1453 2298 essenciam
1487 2263 1554 2297 ab-

209 2318 428 2364 ·solutam,
471 2331 547 2367 que
589 2320 708 2355 modo
748 2332 819 2355 suo
858 2319 907 2355 sit
939 2319 1182 2365 substancia,
1222 2332 1303 2356 non
1337 2321 1469 2365 credO,
1510 2328 1553 2356 ut

240 2377 359 2412 verba
397 2385 553 2422 sonant,
599 2389 710 2413 suam
753 2376 998 2413 sentenciam
1038 2377 1163 2425 ponit,
1205 2390 1296 2413 curn
1336 2389 1468 2424 omne,
1510 2386 1554 2413 ut

314 2533 340 2555 1.
367 2523 567 2565 Anselmus]
595 2525 639 2566 cf.
659 2534 781 2566 supra,
802 2526 936 2566 p.102.
1034 2525 1086 2565 34.
1113 2525 1300 2556 Doctorem
1319 2525 1549 2567 Profundum]

239 2571 282 2606 cf.
301 2579 410 2612 supra
432 2581 468 2611 p.
488 2572 565 2608 109,
591 2575 660 2602 not.
687 2570 736 2601 ad
761 2571 820 2604 lin.
839 2572 892 2604 15.
990 2572 1043 2613 37.
1070 2571 1159 2602 Tam
1186 2571 1388 2602 nominibus
1414 2581 1551 2602 mascu-

239 2616 317 2646 linis
355 2625 462 2657 quam
500 2615 686 2657 femininis]
727 2617 771 2658 cf.
799 2616 960 2648 Thomae
993 2617 1231 2649 Bradwardini
1263 2617 1315 2649 De
1353 2627 1456 2649 causa
1488 2618 1550 2649 Dei

240 2661 281 2692 ΙΙΙ
308 2660 327 2693 6
361 2662 440 2702 (Ed.
474 2662 586 2694 Lond.
618 2665 690 2694 663
716 2664 765 2704 E)
785 2689 792 2696 .
812 2687 819 2695 .
840 2689 846 2695 .
866 2687 875 2694 .
907 2674 1018 2706 quare
1051 2668 1084 2696 et
1115 2663 1305 2696 secundum
1339 2664 1550 2695 sententiam

239 2708 470 2750 antiquorum
499 2709 596 2740 Deus
628 2708 810 2752 utriusque
841 2719 950 2742 sexus
977 2710 1174 2742 nominibus
1191 2711 1320 2753 fuerat
1347 2711 1551 2742 nominatus

240 2763 308 2786 non
341 2754 562 2786 solummodo
593 2755 747 2798 genitor,
780 2755 812 2787 in
840 2759 1009 2796 quantum
1035 2756 1153 2799 gignit
1176 2760 1210 2788 et
1235 2756 1323 2798 agit,
1357 2756 1419 2788 sed
1444 2757 1550 2787 etiam

197 2801 201 2804 ’
238 2800 418 2841 genetrix,
446 2802 479 2832 in
509 2806 677 2843 quantum
706 2801 857 2842 concipit
885 2806 918 2833 et
944 2807 1144 2834 conservat.
