2056 3234
219 157 297 193 268

234 625 271 652 11.
294 624 466 661 Corollary.

1001 166 1167 198 Johannis
1195 166 1316 197 Wiclif
1607 164 1733 199 Quaest.
1748 164 1815 192 VII.

506 271 658 308 sionem
694 271 928 308 diviciarum
964 284 1056 320 sepe
1090 271 1254 318 dictam,
1294 284 1384 308 cum
1418 284 1499 308 non
1532 281 1688 308 curaret
1721 281 1815 309 tunc

505 330 593 378 plus
626 329 713 366 aliis
746 330 892 366 habere
924 339 1099 378 pratum,
1139 329 1293 376 silvam,
1333 342 1488 378 agrum,
1528 339 1737 378 argentum
1779 339 1816 367 et

506 400 647 424 aurum
672 397 762 434 etc.,
785 387 886 424 sicut
910 389 1032 424 modo
1066 387 1335 424 communiter
1368 396 1579 436 querentes
1611 388 1816 436 possidere

506 445 682 491 divicias,
715 458 796 482 non
827 445 1078 482 solicitantur
1101 446 1248 482 habere
1270 446 1358 493 plus
1393 458 1514 493 quam
1549 445 1630 492 alii,
1667 458 1814 493 aerem,

505 504 636 539 lucem
662 503 739 540 diei
763 512 799 540 et
822 512 956 540 cetera
978 502 1225 550 communia,
1244 503 1337 540 licet
1354 503 1449 540 talia
1468 504 1555 552 plus
1574 503 1814 551 necessaria,
1833 507 1848 539 5

503 561 618 597 utilia
651 569 687 597 et
721 561 972 598 delectabilia
1004 561 1095 608 sint,
1128 569 1319 609 prompta
1351 561 1511 609 corpori
1544 562 1735 598 humano.

620 620 937 655 CORROLARIUM:
966 619 1006 656 Si
1039 631 1179 656 omnes
1211 619 1393 655 homines
1417 628 1546 655 essent
1572 619 1816 656 incessanter

216 659 243 687 [f
260 660 297 686 all
319 668 388 687 men
409 668 490 688 were
506 676 513 682 ο
877 677 884 683 .
1069 676 1075 682 .
1322 677 1329 683 .
1497 677 1504 683 .
1538 676 1545 683 .
1578 677 1584 683 .

228 694 374 722 innocent
393 703 472 723 none
504 685 752 723 innocentes,
787 677 886 713 nulli
919 685 1013 713 tunc
1050 677 1188 714 liceret
1225 678 1429 725 posmdere
1468 678 1651 714 divmias:
1692 686 1814 726 patet,

249 729 324 768 need
368 738 455 757 osses

298 772 341 791 ric
355 772 407 792 ies.

234 1087 285 1115 111.
307 1087 478 1122 Corollary.

216 1122 292 1161 The.
304 1122 483 1157 possession

217 1158 252 1185 of
270 1158 368 1184 siches
388 1158 414 1184 is
439 1162 492 1184 not

228 1192 258 1219 in
279 1192 363 1219 itsclf
379 1192 481 1219 lawful

260 1235 295 1254 or
316 1227 445 1254 natural.

224 2013 260 2040 11.
282 2012 482 2040 Conclusion.

218 2047 315 2076 Want
335 2048 369 2075 of
386 2048 485 2075 riches

289 2082 375 2117 helps
395 2088 425 2110 to

248 2117 388 2144 virtuous
409 2117 459 2145 life

264 2152 353 2179 when
375 2152 397 2179 it
417 2153 443 2179 is

258 2187 400 2220 accepted
422 2191 452 2214 to

262 2221 351 2248 avoid
372 2222 448 2249 vice.

505 734 599 782 quia
631 734 671 770 in
705 744 882 771 extrema
913 734 1150 772 necessitate
1178 743 1305 772 status
1330 734 1487 772 miserie
1513 735 1649 772 omnia
1672 737 1817 772 debent

505 804 589 828 esse
613 792 857 840 communia,
891 792 993 829 sicut
1016 806 1083 830 aer
1106 793 1354 830 necessarius
1383 792 1569 830 omnibus
1594 795 1710 830 debet
1734 806 1816 830 esse
1837 806 1874 827 10

506 850 752 896 communis,
776 860 927 898 quanto
947 851 1072 899 magis
1091 850 1223 899 igitur,
1243 851 1311 887 ubi
1329 864 1467 888 omnes
1486 851 1668 888 homines
1688 860 1816 888 essent

505 908 751 944 incessanter
782 908 1027 955 innoeentes,
1061 909 1197 945 omnia
1222 911 1366 946 debent
1389 922 1471 946 esse
1496 909 1740 956 communia,
1774 918 1816 946 ut

504 967 619 1002 valde
658 966 913 1003 racionabilis
953 975 989 1003 et
1026 967 1141 1003 valde
1174 966 1357 1004 amabilis
1391 976 1492 1004 esset
1524 967 1733 1004 hominum
1767 969 1817 1004 ad

505 1023 676 1060 invicem
711 1024 1046 1061 communicacio.
1083 1024 1206 1072 Igitur
1239 1024 1504 1062 corrolarium
1536 1038 1688 1062 verum.

564 1083 882 1119 CORROLARiUM:
932 1082 1043 1119 Sicut
1081 1082 1210 1118 morbi
1244 1092 1280 1119 et
1312 1083 1518 1131 passiones
1557 1083 1736 1131 corporis
1780 1085 1873 1120 et15

508 1138 640 1175 anime
691 1148 784 1175 sunt
835 1140 1069 1176 occasiones
1118 1141 1179 1177 vel
1231 1153 1362 1187 cause,
1415 1153 1539 1189 quare
1597 1141 1817 1178 moralibus

508 1197 737 1234 hominibus
775 1198 1046 1245 possessiones
1087 1198 1321 1235 diviciarum
1361 1208 1452 1235 sunt
1489 1199 1609 1245 licite,
1649 1199 1703 1236 sic
1742 1199 1817 1235 illis

507 1255 666 1303 penitus
699 1255 1008 1292 deexistentibus
1041 1256 1312 1304 possessiones
1344 1256 1410 1293 ille
1442 1269 1523 1293 non
1551 1266 1680 1293 essent
1712 1257 1818 1294 licite

508 1313 751 1350 hominibus.
798 1314 897 1349 lllud
943 1314 1208 1350 corrolarium
1253 1323 1363 1363 patet
1408 1327 1451 1351 ex
1498 1315 1817 1363 precedentibus.

507 1372 555 1407 Et
588 1383 632 1407 ex
663 1370 747 1407 istis
779 1371 945 1408 ulterius
978 1372 1170 1420 sequitur,
1211 1374 1318 1421 quod
1352 1372 1550 1421 possessio
1583 1372 1818 1410 diviciarum
1835 1385 1876 1406 20

506 1441 589 1465 non
621 1438 677 1465 est
708 1430 927 1465 secundum
962 1442 1002 1466 se
1035 1429 1271 1478 simpliciter
1304 1430 1411 1468 licita
1445 1439 1482 1467 et
1504 1430 1698 1467 naturalis
1721 1431 1817 1479 ipsis

507 1486 757 1532 hominibus3
791 1496 912 1535 patet,
937 1487 1031 1535 quia
1055 1487 1185 1524 sciunt
1208 1490 1254 1525 de
1278 1488 1338 1525 his
1360 1488 1518 1537 penitus
1541 1488 1817 1526 occasionibus

508 1554 545 1581 et
577 1544 706 1581 causis
738 1543 897 1581 viciosis
929 1544 969 1581 in
992 1546 1256 1592 naturalibus,
1290 1559 1388 1595 quas
1419 1547 1540 1583 horno
1564 1547 1818 1584 racionaliter

507 1612 544 1639 et
577 1602 813 1639 naturaliter
845 1603 1010 1651 appetit,
1051 1603 1225 1640 finaliter
1256 1604 1330 1640 sibi
1364 1606 1513 1651 deesse,
1554 1605 1654 1641 sicut
1694 1606 1816 1642 homo

507 1660 742 1697 naturaliter
781 1670 817 1696 et
855 1661 1113 1698 racionaliter
1151 1661 1305 1710 appetit
1343 1662 1515 1699 finaliter
1548 1675 1631 1699 esse
1664 1664 1874 1709 beatus,25

508 1727 545 1754 et
583 1719 622 1754 in
668 1731 835 1767 corpore
880 1728 917 1755 et
961 1718 1002 1755 in
1045 1719 1191 1765 anima,
1237 1732 1327 1756 cum
1372 1722 1591 1757 secundum
1629 1721 1817 1757 virtutem

507 1776 714 1813 beatitudo
747 1776 796 1813 sit
826 1776 989 1813 ultimus
1013 1789 1083 1825 per
1106 1789 1144 1813 se
1169 1777 1257 1813 finis
1281 1778 1459 1815 formalis
1483 1778 1606 1826 ipsius
1630 1779 1816 1815 hominis.

506 1835 620 1871 Tunc
654 1834 918 1871 deexistencia
950 1834 1213 1883 possessionis
1247 1835 1483 1872 diviciarum
1513 1846 1613 1873 esset
1645 1837 1817 1873 homini·

507 1893 578 1928 bus
612 1891 759 1937 debita,
795 1901 831 1928 et
875 1892 1074 1940 possessio
1119 1892 1354 1930 diviciarum
1400 1907 1481 1931 non
1523 1894 1652 1940 licita;
1696 1895 1818 1943 igitur

506 1949 663 1986 illatum
696 1949 769 1985 fuit
801 1963 939 1986 verum
974 1959 1011 1987 et
1044 1953 1285 1988 antecedens
1318 1961 1426 2000 patet
1459 1965 1502 1989 ex
1535 1952 1664 1989 dictis.
1834 1957 1875 1989 30

565 2009 809 2044 CONCLUSIO
842 2014 1053 2043 SECUNDA:
1111 2009 1304 2046 Carencia
1364 2009 1598 2046 diviciarum
1656 2012 1818 2059 prodest

508 2065 737 2102 hominibus
787 2066 1006 2103 moralibus
1056 2068 1107 2103 ad
1151 2067 1273 2104 vitam
1320 2067 1539 2104 virtuosam
1594 2069 1816 2114 moraliter3

507 2132 617 2171 patet
656 2125 703 2160 de
737 2124 981 2170 hominibus,
1022 2124 1090 2173 qui
1127 2138 1209 2161 non
1253 2134 1417 2174 propter
1466 2125 1816 2172 inhumanitatem,

507 2183 576 2217 sed
610 2190 774 2230 propter
807 2184 1028 2219 cavendum
1064 2182 1269 2231 multiplex
1302 2183 1464 2230 vicium,
1498 2186 1606 2232 quod
1639 2197 1682 2221 ex
1709 2198 1817 2221 com-

508 2239 789 2276 municacione
834 2252 922 2276 cum
970 2240 1057 2276 aliis
1102 2241 1322 2277 moralibus
1362 2243 1598 2278 contrahere
1636 2245 1873 2290 possunt,25

507 2297 779 2343 solitudinem,
814 2297 931 2335 silvas
956 2299 1017 2335 vel
1040 2299 1195 2335 deserta
1218 2298 1411 2344 incolunt,
1435 2299 1558 2336 nichil
1582 2300 1816 2337 diviciarum

507 2354 776 2403 possidentes3
811 2365 847 2392 et
880 2355 1083 2392 hominem
1109 2356 1331 2393 solitarium
1355 2366 1519 2406 propter
1542 2358 1817 2395 inhumanitus

508 2413 690 2460 bestiam,
736 2413 961 2450 solitarium
1007 2423 1138 2450 autem
1186 2424 1348 2462 propter
1391 2417 1608 2452 secundam
1655 2429 1816 2453 causam

506 2480 622 2507 vocat
657 2471 922 2519 Philosophus
954 2474 1102 2518 Deum3
1137 2471 1258 2520 igitur
1291 2473 1497 2510 conclusio
1529 2486 1622 2510 vera
1655 2483 1728 2511 etc.

576 2614 604 2639 4.
628 2604 724 2634 Cod.:
751 2606 924 2633 solitantur.
1003 2613 1044 2634 22.
1068 2607 1167 2635 sciunt
1189 2607 1308 2643 scrzjvst',
1330 2607 1417 2637 cod.:
1438 2598 1520 2634 s(dtis
1542 2608 1616 2642 (sic).

580 2690 632 2731 39.
662 2689 714 2732 Cf.
741 2690 843 2721 Arist.
870 2690 969 2721 Polit.
995 2691 1005 2721 Ι
1038 2701 1064 2730 1,
1089 2702 1120 2722 11
1153 2692 1238 2730 (Ed.
1263 2692 1344 2725 Par.
1365 2693 1385 2723 I
1402 2693 1493 2730 484,
1514 2692 1633 2732 9ss.).·
1660 2716 1690 2722 ..
1707 2716 1714 2722 .
1734 2688 1752 2723 ὁ
1777 2689 1817 2723 δὲ

508 2732 555 2776 μὴ
582 2733 781 2776 δυνάμενος
805 2737 992 2768 κοινωνεῖν
1016 2732 1037 2777 ἢ
1064 2735 1182 2779 μηθὲν
1207 2735 1379 2779 δεόμενος
1404 2736 1449 2769 δι’
1475 2736 1694 2781 αὐτάρκειαν
1711 2735 1817 2770 οὐδὲν

508 2780 617 2824 μέρος
641 2779 792 2824 πόλεως,
820 2780 911 2814 ὥστε
937 2779 958 2824 ἢ
984 2781 1118 2825 θηρίον
1143 2779 1164 2825 ἢ
1190 2781 1289 2821 θεός.
