2056 3234
250 169 339 198 CAP·
361 171 440 199 ΧῙΠ·
563 177 623 208 DE
650 176 773 208 ENTE
802 177 1223 209 PREDICAMENTALI.

309 281 480 319 Ulterius
525 295 604 330 quo
649 283 699 319 ad
742 282 914 330 primam
960 283 1250 320 deduccionem
1296 293 1417 333 patet,
1453 287 1560 334 quod

249 353 329 376 non
361 341 561 389 sequitur:
595 341 645 377 ad
678 340 992 388 produccionem
1025 341 1138 378 istius
1171 343 1379 390 passionis,
1404 356 1481 392 que
1504 352 1560 380 est

247 398 320 434 ista
345 397 490 446 passio,
515 397 731 447 requiritur
753 398 1023 446 producencia
1047 399 1219 448 agenti83
1244 413 1337 449 ergo
1361 414 1432 449 per
1453 401 1560 438 idem

248 457 298 492 ad
331 455 644 504 producenciam
677 455 786 492 illam
811 456 1027 505 requiritur
1060 457 1138 494 alia
1161 459 1445 506 producencia,
1480 472 1559 508 qua

1773 184 1849 219 11'9

1599 293 1735 329 Activity
1754 293 1780 321 is
1800 293 1830 321 in

1605 328 1655 355 the
1676 332 1767 367 agent
1785 336 1819 355 as

1617 336 1735 398 uantigty
1754 362 1780 390 is
1800 363 1831 390 in

1593 401 1604 424 t
1630 406 1644 424 e
1663 399 1832 433 quantum;

1576 440 1610 459 so
1628 432 1692 459 that
1709 440 1755 459 we
1773 432 1848 459 need

1606 467 1757 502 postulate
1778 474 1817 494 no

1604 502 1692 529 othei
1712 509 1820 540 power

215 513 333 561 5ipsa
376 513 597 550 formaliter
641 513 889 561 producitur.
938 513 1048 551 Sicut
1092 515 1196 552 enim
1244 516 1468 554 subiectum
1503 526 1846 572 estforproduction

247 580 442 619 quantum
488 571 724 620 quantitate,
770 581 806 608 et
850 572 934 620 ipsa
980 585 1050 620 per
1082 585 1122 609 se
1155 583 1317 622 quanta,
1352 575 1407 612 sic
1440 587 1560 623 agens

246 629 432 677 producit
476 629 703 666 absolutum
760 630 1043 677 producencia,
1102 640 1138 668 et
1192 631 1324 680 ipsum
1372 632 1560 682 producit

246 687 468 724 formaliter
511 699 551 723 se
594 687 693 735 ipsa,
739 700 830 723 cum
875 687 1023 724 claudit
1068 689 1435 727 contradiccionem
1483 692 1558 728 hoc

246 758 366 794 agens
399 745 454 782 sic
486 746 708 793 producere
755 745 854 781 illud
898 746 1140 792 absolutum,
1187 747 1262 784 nisi
1297 748 1378 785 'ista
1411 750 1558 797 produ-

193 814 231 835 10
246 803 382 841 cencia
415 804 490 840 hoc
517 804 726 852 producat.
761 805 809 839 Et
832 812 994 840 econtra
1018 804 1168 841 claudit
1191 806 1558 844 contradiccionem

245 863 467 910 producere
500 861 616 898 istam
664 861 990 909 producenciam,
1035 862 1112 899 nisi
1144 863 1199 900 sic
1232 866 1429 912 producat
1461 864 1558 901 illud

246 920 487 956 absolutum.
535 922 616 955 Nec
662 920 782 956 habet
825 920 1098 967 producencia
1142 920 1255 958 istius
1288 923 1558 970 producencie

245 977 369 1014 alium
392 977 624 1024 terminum,
641 990 762 1026 quam
786 977 891 1014 idem
911 979 1160 1025 absolutum3
1184 979 1215 1016 si
1234 988 1370 1017 tamen
1392 980 1558 1029 agencia

244 1036 345 1072 foret
360 1048 420 1072 res
436 1036 631 1082 absoluta,
647 1044 689 1072 ut
704 1035 873 1083 qualitas
888 1037 948 1073 vel
963 1036 1177 1085 quantitaS‚
1189 1038 1557 1076 contradiccionem

192 1093 228 1126 15
245 1094 459 1139 clauderet,
509 1093 637 1141 ipsam
693 1093 874 1141 produci,
931 1094 1007 1130 nisi
1056 1094 1243 1132 distincta
1287 1097 1559 1144 producencia

244 1151 463 1199 respectiva
485 1152 746 1200 producatur,
764 1164 854 1188 cum
880 1152 957 1188 tale
980 1153 1210 1189 absolutum
1236 1163 1372 1201 posset
1395 1167 1558 1191 manere

244 1218 433 1257 corrupta
476 1222 547 1246 sua
591 1209 874 1257 producenda,
921 1209 1001 1247 sive
1047 1211 1267 1248 successive
1312 1212 1393 1249 sive
1426 1212 1557 1249 subito

244 1268 510 1315 producatur3
556 1280 636 1304 non
670 1267 774 1304 enim
822 1276 878 1304 est
912 1268 1099 1315 possibile
1132 1269 1284 1318 aliquid
1318 1283 1435 1319 agere
1467 1284 1559 1319 pro-

243 1325 328 1373 prie
359 1324 400 1361 in
433 1325 553 1372 aliud,
597 1325 672 1362 nisi
704 1338 866 1373 passum
911 1338 1025 1363 suum
1074 1336 1303 1375 moveatur;
1337 1337 1376 1365 at
1410 1329 1460 1365 ad
1492 1328 1559 1365 illa

186 1393 228 1415 20
244 1384 323 1420 duo
347 1383 563 1432 requiritur
592 1383 812 1431 produccio
834 1384 962 1420 forme
987 1385 1168 1422 absolute
1200 1385 1240 1421 in
1274 1398 1391 1434 passo
1425 1395 1559 1435 preter

242 1441 450 1489 agenciam
474 1450 511 1478 et
534 1441 776 1489 passionem,
800 1450 842 1477 ut
866 1443 1027 1490 quando
1051 1442 1203 1492 aliquid
1236 1453 1420 1481 movetur
1451 1445 1559 1481 loca-

242 1498 343 1546 liter,
391 1499 523 1548 ipsum
562 1499 747 1547 passione
788 1508 825 1536 et
866 1508 975 1536 motu
1009 1501 1186 1549 adquirit
1216 1501 1351 1538 locum
1383 1503 1443 1539 vel
1476 1502 1557 1544 ubi,

242 1558 403 1605 quando
435 1565 720 1606 augmentatur
750 1558 810 1595 vel
843 1558 1048 1605 alteratur,
1082 1559 1258 1608 adquirit
1289 1560 1557 1608 quantitatem

106 1616 226 1649 F.218
243 1623 311 1651 aut
349 1615 583 1663 qualitatem
623 1617 843 1651 secundum
890 1616 1109 1663 perfeccius
1154 1626 1223 1653 aut
1262 1617 1393 1654 minus
1429 1614 1434 1671 Ι
1469 1631 1558 1666 per-

187 1675 225 1707 25
243 1673 404 1720 fectum,
444 1682 482 1710 et
521 1673 594 1710 iste
634 1674 682 1709 ab
723 1673 888 1721 agencia
927 1674 1110 1711 absolute
1151 1674 1337 1712 distincte
1369 1675 1557 1724 passione

243 1731 303 1767 vel
334 1740 465 1777 motu3
494 1739 537 1768 et
569 1731 625 1768 sic
657 1731 787 1767 omnis
819 1731 984 1779 agencia
1016 1733 1074 1769 vel
1108 1732 1241 1781 passio
1274 1743 1331 1770 est
1353 1742 1557 1783 respectus

243 1788 346 1825 inter
378 1801 498 1837 agens
532 1798 569 1825 et
600 1801 763 1837 passum
788 1789 827 1826 in
850 1789 980 1826 forma
1004 1791 1188 1827 absoluta
1212 1791 1415 1840 adquisita
1438 1805 1556 1840 passo

244 1847 410 1884 fundata
442 1860 465 1884 a
497 1856 681 1895 tempore
714 1859 805 1884 cum
839 1847 919 1884 suis
954 1848 1138 1885 extremis
1162 1857 1199 1885 et
1223 1849 1393 1886 materia
1415 1849 1557 1887 indivi-

242 1906 383 1950 duata3
417 1918 506 1942 cum
542 1917 634 1953 ergo
657 1905 834 1953 agencie,
859 1918 937 1953 qua
961 1908 1254 1953 produceretur
1275 1907 1350 1944 ista
1374 1907 1554 1956 agencia,

183 1967 225 2000 30
240 1975 321 1999 non
354 1963 403 1999 sit
435 1964 530 2001 dare
563 1963 717 2000 diversa
750 1962 948 2012 principia
980 1963 1294 2012 individuancia,
1328 1978 1349 2002 a
1383 1965 1556 2003 narratis

240 2029 361 2068 patet,
396 2022 504 2070 quod
537 2020 702 2069 agencie
734 2034 816 2057 non
849 2029 906 2057 est
937 2034 1041 2058 nova
1073 2022 1251 2070 agencia.

297 2080 358 2114 Ad
385 2078 592 2125 ultimum,
640 2080 687 2115 de
733 2079 917 2116 mocione
961 2079 1114 2127 agentis
1147 2080 1377 2128 recipiendo
1409 2093 1554 2118 novam

239 2136 459 2184 agenciam,
493 2145 614 2185 patet,
649 2138 756 2185 quod
791 2136 1005 2185 dupliciter
1029 2137 1174 2174 dicitur
1196 2138 1349 2187 aliquid
1382 2138 1553 2175 moveri:

238 2193 387 2231 scilicet
419 2194 580 2242 proprie
603 2194 643 2231 in
664 2206 705 2231 se
727 2194 952 2231 sensibilem
976 2196 1148 2231 formam
1183 2196 1408 2233 absolutam
1442 2205 1554 2233 motu

181 2254 220 2288 35
238 2252 501 2300 adquisitam3
534 2252 592 2289 vel
637 2253 745 2300 large
779 2254 826 2288 de
870 2261 1022 2301 quanto
1066 2253 1263 2290 limitatur
1307 2255 1357 2290 ad
1401 2266 1484 2291 esse
1517 2263 1555 2291 et

209 2323 211 2325 ’
238 2311 287 2346 ad
320 2323 437 2358 agere
471 2323 492 2347 a
526 2323 645 2347 causa
667 2310 879 2358 superiori,
915 2319 951 2347 et
985 2310 1060 2347 isto
1093 2312 1215 2348 modo
1238 2311 1412 2360 quelibet
1445 2324 1554 2349 crea-

238 2376 327 2404 tura
367 2376 548 2405 movetur
580 2381 602 2404 a
634 2370 718 2404 Deo
758 2368 959 2404 continue.
1005 2368 1069 2405 Sic
1102 2377 1235 2405 autem
1275 2369 1371 2406 dicit
1402 2369 1554 2406 Aristo-

239 2425 334 2461 teles
386 2430 456 2462 120
495 2425 758 2474 Metaphisice
808 2426 880 2471 340
922 2435 959 2462 et
995 2426 1079 2473 350,
1132 2428 1240 2475 quod
1286 2427 1554 2475 intelligencie

309 2562 361 2602 37.
397 2560 450 2601 Cf.
492 2561 594 2592 Arist.
634 2561 714 2593 Met.
752 2561 796 2592 XI
830 2571 862 2603 7,
902 2571 937 2592 12
978 2561 1061 2602 (Ed.
1097 2563 1182 2593 Ραν.
1217 2561 1264 2592 ΙΙ
1293 2564 1383 2600 605,
1420 2563 1443 2592 5
1474 2562 1552 2603 ss.:)

294 2630 301 2637 .
320 2630 327 2637 .
356 2604 439 2637 ὥστ
465 2604 584 2644 ἀίδιος
609 2605 654 2638 ἂν
679 2605 734 2648 εἴη
761 2604 779 2638 ὁ
806 2609 951 2649 πρῶτος
978 2604 1151 2648 οὐρανός·
1190 2604 1265 2639 ἔστι
1290 2605 1414 2639 τοίνυν
1438 2618 1472 2639 τι
1495 2605 1555 2639 καὶ

238 2647 256 2683 ὃ
292 2652 397 2683 κινεῖ·
436 2648 513 2684 ἐπεὶ
545 2650 584 2684 δὲ
615 2650 656 2684 τὸ
688 2651 901 2695 κινούμενον
933 2651 993 2684 καὶ
1025 2655 1158 2693 κινοῦν,
1191 2651 1251 2685 καὶ
1281 2652 1402 2695 μέσον,
1433 2652 1554 2686 τοίνον

237 2694 315 2729 ἐστί
338 2709 382 2737 τι,
408 2693 427 2728 ὃ
459 2696 503 2730 οὐ
535 2698 749 2740 κινούμενον
779 2700 878 2739 κινεῖ,
911 2697 1041 2739 αΐόιον,
1076 2697 1136 2731 καὶ
1168 2697 1275 2731 οὐσία
1305 2696 1366 2731 καὶ
1396 2696 1555 2742 ἐνέργεια

240 2740 342 2775 οὖσα.
379 2743 487 2776 Κινεῖ
510 2743 549 2776 δὲ
577 2741 665 2777 ὧδε·
699 2741 740 2776 τὸ
767 2742 916 2787 ὀρεκτόν
940 2742 1000 2777 καὶ
1025 2741 1065 2776 τὸ
1093 2742 1227 2787 νοητόν
1251 2746 1344 2777 κινεῖ
1365 2743 1409 2777 οὐ
1434 2745 1554 2778 κινού-

195 2800 199 2802 ·
237 2800 362 2831 μενον·
401 2789 542 2822 τούτων
578 2788 621 2821 τὰ
658 2793 785 2834 πρῶτα
820 2789 863 2822 τὰ
895 2789 1003 2822 αὐτά·
1043 2787 1273 2833 ἐπιθυμητὸν
1307 2789 1374 2833 μὲν
1408 2789 1476 2834 γὰρ
1512 2788 1553 2823 τὸ

1624 2095 1684 2123 We
1703 2102 1787 2125 must

1613 2130 1799 2166 distinguish

1605 2166 1742 2193 between
1763 2167 1814 2194 the

1593 2204 1654 2226 two
1676 2200 1765 2229 kinds
1789 2202 1825 2229 of

1610 2240 1801 2264 moxement:

1594 2269 1616 2296 1.
1638 2258 1818 2298 Movcrnetit

1604 2305 1751 2341 properly
1771 2314 1805 2332 so

1660 2340 1731 2366 call
1729 2339 1755 2367 d

1587 2374 1772 2409 perceptible
1794 2378 1824 2401 to

1611 2410 1662 2436 the
1682 2416 1799 2436 senses.
