2056 3234
215 157 293 191 216

212 277 261 305 No
282 278 354 304 time
374 285 429 304 can
453 276 487 302 be

230 314 336 347 longer
356 313 428 339 thau
449 311 471 338 it

256 347 387 382 actually
406 346 442 373 is.

246 1263 295 1290 All
316 1261 407 1289 verba
428 1261 465 1287 de

214 1296 353 1333 presenti
370 1300 494 1330 suggest

227 1331 403 1360 succession
425 1330 484 1357 and

278 1366 430 1394 therefore

243 1401 420 1440 magnitude
441 1401 469 1427 in

314 1440 397 1464 time.

242 1668 420 1702 According
440 1672 470 1694 to

233 1702 481 1731 Bradwardine's

251 1739 397 1774 position,
417 1746 463 1764 we

278 1773 389 1800 should
412 1773 447 1799 be

252 1808 417 1836 conscious
439 1807 473 1834 of

227 1844 276 1870 tlte
296 1843 413 1870 instant
433 1842 490 1869 and

306 1882 359 1905 not
379 1877 414 1904 of

266 1912 452 1940 succession.

257 2479 298 2508 So
321 2479 467 2513 properly

243 2523 256 2541 s
282 2514 391 2548 calting
411 2514 481 2548 only

247 2554 296 2575 tle
316 2549 431 2575 instant
451 2548 478 2574 is

228 2583 365 2618 signitied
389 2584 427 2618 by
448 2582 497 2609 tlte

273 2618 394 2645 verbum
413 2617 451 2644 de

290 2652 436 2687 presenti.

953 160 1176 192 „IOHANNIS
1203 160 1369 190 WICLIF
1606 157 1694 184 CAP.
1716 157 1809 185 XXII.

560 270 613 303 Ex
652 267 728 303 isto
767 266 935 312 videtur,
970 267 1078 314 quod
1116 278 1235 302 nemo
1275 274 1406 313 potest
1444 265 1622 301 iudicare
1654 274 1813 313 tempus

503 338 585 361 esse
631 325 800 372 longius,
847 337 967 372 quam
1014 325 1060 359 de
1105 324 1210 360 facto
1257 332 1326 368 est,
1373 323 1480 371 quia,
1526 323 1557 359 si
1602 323 1669 369 sic,
1718 332 1814 359 tunc

502 383 666 431 aliquod
711 382 868 430 signum
914 390 1208 429 representaret
1258 382 1374 429 plura
1423 390 1607 429 tempora
1651 381 1712 417 vel
1755 381 1813 417 in-

501 440 653 477 stancia
686 441 913 486 succedere,
948 441 1056 488 quod
1090 448 1146 475 est
1169 439 1414 487 impossibile
1438 438 1546 475 iuxta
1570 440 1672 475 hanc
1694 438 1813 485 viam,

502 512 593 535 cum
633 497 825 546 precipua
865 506 901 533 et
939 510 1010 545 per
1047 509 1087 534 se
1121 510 1241 534 causa
1272 496 1511 534 variacionis
1543 497 1584 532 in
1616 496 1847 545 significa-5

504 557 618 593 cione
651 555 845 603 temporis
878 555 928 591 sit
960 555 1135 591 variacio
1167 555 1360 603 temporis
1393 555 1453 591 vel
1485 554 1690 600 instantis,
1736 568 1815 591 non

504 627 598 662 ergo
621 622 752 662 potest
777 625 859 649 esse
882 613 1014 650 illusio
1038 626 1176 649 sensus
1200 613 1417 649 interioris.
1452 614 1566 649 Unde
1590 622 1816 649 moveretur

504 674 553 709 ad
586 671 847 708 iudicandum
880 680 1038 719 tempus
1073 683 1156 707 esse
1190 671 1428 717 diuturnius,
1464 684 1585 719 quam
1625 672 1672 706 de
1711 671 1816 707 facto

505 730 590 776 erit,
645 729 737 778 quia
789 738 884 765 ωηο
935 730 1114 775 verbum,
1170 729 1370 765 mediante
1417 742 1496 777 quo
1541 737 1815 776 componeret,

504 788 748 835 significaret
781 800 853 835 pro
888 787 1025 835 aliqua
1057 796 1169 835 parte
1203 787 1310 823 illius
1343 787 1538 835 temporis
1571 786 1724 823 instans
1757 787 1874 823 vel1o

504 855 663 893 tempus
704 857 800 890 esse,
836 846 943 893 quod
982 846 1029 881 de
1067 845 1173 881 facto
1211 858 1293 881 non
1331 854 1426 881 ωηο
1466 845 1580 891 foret,
1614 846 1722 893 quod
1762 853 1818 881 est

506 913 645 940 contra
678 902 995 951 responsionem.
1041 905 1131 938 Non
1171 902 1274 938 enim
1315 911 1563 950 representat
1596 915 1634 939 se
1669 902 1819 950 aliquid

505 961 741 998 naturaliter
775 973 953 1006 erronee,
988 960 1063 996 nisi
1096 969 1260 1008 propter
1293 961 1491 997 defectum
1525 961 1565 996 in
1599 960 1731 997 medio
1758 961 1819 997 vel

505 1021 704 1056 defectum
750 1019 789 1054 in
834 1018 965 1066 specie
1010 1019 1068 1055 vel
1114 1031 1277 1066 organo.
1325 1020 1401 1054 Sed
1441 1020 1660 1055 secundum
1700 1018 1817 1055 istam

505 1077 609 1114 viam
642 1086 802 1124 tempus
836 1084 1087 1125 representat
1120 1089 1159 1113 se
1183 1076 1421 1113 naturaliter
1443 1077 1713 1124 ymaginative
1736 1076 1819 1112 sine
1839 1080 1875 1112 15

506 1136 634 1184 figura
666 1135 726 1171 vel
758 1134 909 1182 specie3
943 1134 1034 1171 ideo
1067 1147 1147 1170 non
1180 1143 1379 1182 superest;
1413 1136 1518 1171 unde
1552 1147 1716 1171 erronee
1740 1148 1819 1183 quo

507 1195 557 1230 ad
590 1193 674 1229 eius
707 1193 1026 1229 diuturnitatem.

566 1253 614 1287 Et
653 1263 696 1287 ex
735 1250 819 1286 istis
859 1259 1025 1299 apparet
1064 1250 1210 1286 veritas
1246 1250 1412 1287 minoris
1452 1259 1672 1298 assumpte.
1718 1253 1819 1286 Nam

509 1309 645 1346 omnia
689 1310 809 1345 verba
855 1310 902 1344 de
947 1308 1123 1356 presenti
1169 1321 1268 1356 eque
1310 1308 1495 1344 distincte
1535 1308 1819 1356 significancia,

510 1379 610 1415 eque
644 1367 827 1405 distincte
860 1375 1020 1402 movent
1044 1368 1094 1402 ad
1118 1368 1504 1414 apprehendendum
1529 1366 1820 1403 successionem
1838 1378 1879 1399 20

509 1424 718 1473 temporiS,
753 1433 789 1461 et
821 1437 891 1472 per
925 1436 1173 1472 consequens
1200 1424 1325 1460 virtus
1349 1437 1448 1473 eque
1473 1425 1657 1461 distincte
1681 1437 1822 1472 appre-

511 1483 648 1519 hendit
681 1482 991 1527 successionem,
1033 1491 1069 1519 et
1102 1482 1158 1518 sic
1192 1482 1510 1530 magnitudinem
1544 1483 1750 1530 temporis,
1785 1492 1821 1518 et

510 1550 604 1577 tunc
637 1540 752 1577 facile
785 1550 887 1577 esset
920 1550 1079 1588 tempus
1113 1540 1331 1588 percipere,
1368 1554 1456 1577 cum
1492 1541 1582 1577 talis
1610 1540 1821 1588 percepcio

511 1599 770 1647 consequitur
803 1600 852 1634 ad
886 1598 1105 1647 quamlibet
1139 1598 1494 1646 composicionem.

569 1659 664 1693 Item
699 1657 806 1692 iuxta
840 1657 953 1693 istam
989 1656 1236 1704 posicionem
1269 1657 1437 1702 videtur,
1472 1666 1514 1692 ut
1546 1669 1679 1704 supra,
1715 1657 1822 1704 quod
1839 1659 1877 1690 25

512 1728 649 1751 sensus
689 1715 857 1751 interior
889 1715 1018 1751 solum
1053 1714 1161 1762 capit
1195 1716 1241 1750 de
1274 1724 1456 1763 tempore
1488 1728 1612 1750 unum
1646 1714 1823 1750 indivisi-

514 1773 603 1820 bile,
660 1772 811 1809 scilicet
866 1773 1030 1819 instans,
1085 1781 1122 1808 et
1167 1785 1236 1820 per
1282 1785 1530 1821 consequens
1575 1786 1657 1809 non
1702 1772 1822 1808 sentit

513 1840 684 1879 tempus,
731 1831 832 1867 sicut
875 1843 948 1866 nec
977 1827 981 1883 Ι
1010 1839 1177 1868 motum.
1225 1831 1264 1867 Si
1306 1831 1410 1867 enim
1450 1832 1538 1879 plus
1579 1839 1738 1879 caperet
1782 1830 1821 1865 in
1840 1831 1959 1872 F.242

513 1889 703 1937 presenti,
739 1897 833 1925 tunc
867 1889 955 1936 plus
989 1898 1090 1925 esset
1123 1888 1162 1924 in
1197 1889 1385 1936 presenti,
1422 1898 1457 1925 et
1482 1901 1551 1936 per
1575 1901 1822 1937 consequens

512 1948 675 1983 verbum
716 1959 797 1982 non
838 1946 1027 1983 continue
1067 1947 1273 1983 innovaret
1313 1946 1655 1995 significacionem
1695 1949 1881 1992 suam,30

512 2014 549 2041 et
574 2006 777 2041 excederet
801 2006 849 2040 ab
877 2005 1043 2053 antiqua
1066 2005 1432 2053 proporcionaliter
1455 2006 1504 2041 ad
1528 2004 1822 2041 successionem

512 2062 724 2110 temporis,
770 2071 863 2098 tunc
903 2063 1008 2098 enim
1048 2063 1202 2098 nullum
1242 2072 1401 2110 tempus
1443 2071 1734 2110 representaret
1766 2075 1824 2098 se-

512 2122 687 2157 cundum
722 2132 762 2156 se
794 2129 935 2167 totum,
971 2134 1059 2157 cum
1090 2130 1261 2168 tempus,
1296 2130 1337 2156 ut
1371 2121 1515 2157 desinit
1549 2133 1645 2167 esse,
1680 2120 1824 2156 desinit

512 2178 793 2226 representari,
835 2188 871 2214 et
904 2188 946 2214 ut
979 2178 1119 2226 incipit
1153 2191 1249 2225 esse,
1289 2178 1429 2226 incipit
1467 2178 1747 2226 representari,
1789 2186 1825 2214 et

513 2248 582 2284 per
616 2248 877 2284 consequens,
912 2250 1002 2273 cum
1027 2249 1146 2273 omne
1169 2238 1245 2273 tale
1269 2246 1427 2284 tempus
1450 2236 1598 2284 incepit
1622 2245 1658 2272 et
1681 2235 1827 2272 desinit
1842 2251 1882 2272 a>

512 2306 584 2342 per
616 2294 888 2330 remocionem
924 2296 970 2330 de
1011 2294 1200 2342 presenti,
1242 2294 1432 2342 sequitur,
1468 2296 1576 2342 quod
1608 2307 1681 2342 pro
1714 2294 1824 2330 nullo

514 2352 675 2388 instanti
698 2361 996 2400 representatur
1019 2353 1180 2400 aliquod
1199 2361 1358 2400 tempus
1377 2354 1595 2388 secundum
1616 2365 1655 2388 se
1673 2360 1822 2393 totum;

515 2410 644 2446 solum
687 2422 779 2457 ergo
819 2412 1035 2446 secundum
1085 2411 1235 2446 instans
1281 2410 1468 2446 continue
1513 2418 1822 2457 representatur.

574 2469 627 2503 Ex
661 2480 741 2515 quo
764 2467 932 2515 Videtur,
967 2470 1074 2516 quod
1098 2481 1178 2504 non
1200 2477 1370 2516 tempus,
1404 2470 1471 2504 sed
1500 2468 1651 2504 instans
1675 2467 1824 2515 signifi-1

518 2534 630 2561 catur
652 2538 723 2573 per
745 2527 911 2561 verbum
946 2526 1174 2562 huiusmodi
1209 2528 1257 2562 de
1290 2525 1476 2574 presenti,
1510 2526 1569 2562 vel
1603 2525 1633 2561 si
1666 2534 1824 2573 tempus
1838 2538 1882 2569 40

517 2583 753 2620 secundarie
787 2583 1047 2630 significatur,
1095 2593 1383 2632 consequenter
1428 2585 1477 2620 ad
1517 2583 1685 2630 instans,
1731 2592 1825 2619 tunc

519 2641 725 2689 quodlibet
778 2641 929 2678 instans
976 2642 1057 2678 dati
1104 2642 1296 2690 temporis
1348 2641 1591 2689 significaret
1636 2641 1824 2677 continue

585 2751 612 2778 3.
629 2751 703 2778 Coei.
715 2761 724 2777 :
742 2756 964 2786 representaret
978 2752 1028 2779 ubi
1046 2753 1141 2786 plura.
1198 2751 1236 2779 31.
1253 2752 1327 2779 Coei.
1339 2761 1348 2778 .·
1365 2752 1526 2779 excideret.
1582 2751 1624 2779 33.
1640 2751 1712 2781 Coei.
1726 2762 1735 2779 :
1749 2743 1826 2779 dthft

517 2795 582 2813 esse
605 2788 646 2819 (=
668 2787 765 2813 desint
786 2789 874 2820 esse).
