2056 3234
193 158 273 193 290

194 961 245 988 ΙΙΙ.
268 959 470 988 Conclusion.

259 995 361 1023 There
381 995 408 1021 is

195 1031 351 1066 goodness
371 1028 472 1056 which

248 1067 299 1092 the
321 1065 419 1100 prime

205 1101 369 1128 substance
389 1100 464 1126 does

263 1140 317 1163 not
336 1136 404 1162 love

254 1170 414 1205 infinitely.

969 148 1139 180 Johannis
1165 149 1288 180 Wiclif
1613 146 1739 181 Quaest.
1761 145 1797 172 X.

481 259 587 292 Deus
636 255 777 303 diligit.
824 254 946 302 Igitur
991 256 1230 291 antecedens
1274 267 1432 300 verum,
1482 263 1519 291 et
1560 255 1799 290 antecedens

481 314 576 350 item
616 322 739 361 patet,
786 326 876 349 cum
917 312 1129 349 cuiuslibet
1172 312 1372 361 possibilis
1418 312 1670 360 suppositum
1718 324 1800 348 esse

482 371 671 420 possibile
704 372 924 407 secundum
958 383 1042 407 rem
1076 370 1125 406 sit
1157 372 1307 407 bonum
1341 370 1544 407 infinitum
1580 379 1652 407 etc.
1683 365 1688 423 Ι
1816 372 1855 403 F.
1875 382 1937 415 199

541 431 863 466 CORROLARIUM:
900 428 1036 465 Prima
1059 428 1289 465 substancia
1313 441 1432 465 omne
1461 428 1650 476 possibile
1674 427 1801 475 diligit

483 487 660 533 infinite3
693 496 816 535 patet,
841 487 936 535 quia
958 499 1078 523 omne
1108 487 1296 535 possibile
1320 488 1542 533 secundum
1566 498 1799 534 supremum
1818 487 1834 519 5

485 558 567 582 esse
606 545 799 593 possibile
838 545 967 593 diligit
1007 544 1162 581 infinite
1203 558 1262 589 eo,
1303 546 1411 593 quod
1450 556 1683 592 supremum
1718 556 1801 580 esse

485 603 774 651 cuiuscumque
813 602 1014 651 possibilis
1060 604 1281 639 secundum
1321 615 1405 639 rem
1452 603 1501 639 sit
1546 604 1698 638 bonum
1744 601 1802 637 in-

484 662 662 707 finitum,
698 661 819 709 igitur
853 661 985 709 prima
1018 661 1250 698 substancia
1286 672 1407 697 omne
1446 660 1636 709 possibile
1675 659 1804 707 diligit

484 719 652 756 infinite.

544 779 849 814 CORROLARIUM
898 783 1143 812 SECUNDUM:
1200 776 1335 813 Prima
1386 776 1615 813 substancia
1668 775 1804 812 omnia
1824 787 1863 808 10

486 835 694 883 possibilia
740 834 927 882 intelligit
976 843 1014 871 et
1059 834 1187 882 diligit
1240 834 1406 871 infinite.
1461 837 1574 871 Patet
1618 846 1661 870 ex
1711 847 1805 870 con-

487 893 733 930 clusionibus
768 902 805 929 et
838 892 1066 929 cm·1·0lariis
1098 892 1317 940 premissis.

547 953 792 988 CONCLUslo
825 957 993 985 TERCIA:
1039 951 1185 987 Multas
1224 950 1424 987 bonitates
1457 959 1641 987 causatas
1674 949 1806 998 prima

487 1008 718 1046 substancia
749 1021 831 1044 non
854 1007 982 1056 diligit
1004 1008 1170 1045 infinite.
1207 1011 1414 1054 Probatur,
1449 1008 1544 1056 quia
1572 1021 1695 1049 unam
1718 1008 1806 1056 plus

489 1067 618 1115 diligit
656 1075 693 1103 et
731 1066 851 1102 aliam
898 1066 1041 1111 minus,
1088 1075 1125 1102 et
1169 1080 1291 1115 quam
1338 1066 1468 1102 minus
1514 1066 1642 1114 diligit
1685 1066 1863 1114 quam15

488 1125 699 1173 reliquam,
732 1120 842 1160 illam
877 1137 957 1160 non
992 1124 1121 1172 diligit
1153 1124 1322 1170 infinite,
1357 1134 1394 1161 et
1421 1125 1661 1160 antecedens
1684 1132 1806 1172 patet,

489 1183 584 1232 quia
616 1183 713 1220 alias
745 1182 975 1218 substancia
1007 1182 1138 1230 prima
1170 1196 1251 1219 non
1284 1183 1371 1230 plus
1395 1182 1577 1230 diligeret
1601 1182 1807 1219 hominem

487 1242 724 1286 virtuosum,
749 1253 870 1289 quam
894 1240 1069 1288 lapidem
1093 1240 1354 1287 insensatum,
1379 1241 1488 1289 quod
1508 1253 1589 1277 non
1609 1240 1807 1277 convenit.

489 1293 612 1348 Igitur
644 1307 718 1335 etc.

548 1359 864 1405 CORROLARIUM:
911 1359 1000 1393 Non
1043 1356 1242 1405 sequitur:
1287 1356 1419 1404 prima
1465 1355 1695 1393 substancia
1738 1368 1809 1392 sua
1825 1368 1867 1389 20

490 1415 711 1452 dileccione
734 1414 996 1451 substanciali
1028 1414 1183 1451 infinite
1207 1415 1336 1462 diligit
1357 1414 1554 1463 lapidem;
1587 1414 1708 1462 igitur
1739 1413 1807 1450 illa

490 1474 711 1510 dileccione
743 1472 901 1509 infinita
939 1472 1067 1520 diligit
1106 1473 1302 1521 lapidem3
1348 1472 1450 1509 sicut
1493 1486 1575 1509 non
1606 1472 1806 1521 sequitur:

490 1532 623 1580 prima
655 1530 886 1568 substancia
919 1531 1138 1567 dileccione
1171 1531 1408 1579 simpliciter
1435 1530 1659 1567 necessaria
1682 1529 1811 1578 diligit

490 1590 680 1638 lapidem,
714 1589 782 1626 illa
804 1588 936 1637 prima
968 1589 1200 1625 substancia
1232 1589 1299 1625 illa
1332 1589 1552 1625 dileccione
1575 1588 1812 1637 simpliciter

490 1648 716 1685 necessaria
738 1647 867 1695 diligit
899 1647 1089 1695 lapidem,
1124 1660 1214 1683 cum
1249 1647 1530 1683 convenienter
1554 1646 1683 1694 diligit
1705 1659 1810 1682 eum.
1827 1647 1868 1680 25

551 1708 854 1744 CORROLARmM
879 1712 1122 1740 SECUNDUM:
1157 1705 1349 1751 Quamvis
1380 1705 1548 1742 dileccio
1570 1705 1699 1753 prime
1722 1706 1812 1741 sub-

491 1764 656 1811 stancie,
691 1776 770 1812 qua
802 1775 842 1799 se
875 1772 913 1799 et
945 1776 1107 1799 omnem
1140 1763 1361 1800 bonitatem
1396 1772 1570 1800 creatam
1596 1762 1739 1811 diligit,
1772 1762 1813 1798 in

492 1836 532 1859 se
566 1823 746 1859 absolute
779 1822 829 1858 sit
861 1821 992 1868 unica,
1027 1821 1272 1858 invariabilis
1303 1830 1341 1858 et
1363 1821 1534 1868 infinita,
1568 1821 1654 1869 ipsa
1677 1829 1813 1857 tamen

493 1880 713 1929 respective
735 1880 938 1916 obiectum
963 1879 1177 1928 dispariter
1199 1881 1318 1926 bona,
1354 1879 1483 1916 maior
1510 1888 1547 1916 et
1576 1879 1707 1915 minor
1741 1887 1812 1925 est,

494 1949 531 1976 et
565 1939 723 1975 dicitur.
764 1938 898 1974 Prima
930 1950 1022 1986 pars
1055 1946 1177 1985 patet,
1220 1950 1311 1974 cum
1346 1938 1477 1985 prima
1510 1937 1740 1974 substancia
1771 1936 1812 1972 in
1826 1939 1870 1971 30

494 2011 533 2034 se
567 1997 748 2033 absolute
781 1996 831 2032 sit
862 1996 992 2032 omnis
1021 1995 1214 2032 bonitatis
1246 1995 1402 2032 infinite
1434 1995 1742 2041 invariabiliter3
1776 2003 1813 2031 et

494 2057 669 2092 secunda
692 2068 784 2103 pars
806 2063 930 2103 patet,
965 2067 1056 2090 cum
1088 2066 1178 2091 vere
1211 2054 1380 2097 dicatur,
1416 2055 1524 2102 quod
1556 2053 1689 2102 prima
1720 2054 1813 2089 sub-

495 2113 648 2150 stancia
698 2126 823 2149 unum
868 2113 1017 2148 bonum
1064 2121 1269 2149 causatam
1315 2112 1403 2160 plus
1451 2111 1579 2159 diligit
1623 2120 1661 2148 et
1704 2111 1814 2147 aliud

496 2172 629 2208 minus
674 2171 815 2219 diligit,
861 2172 970 2218 quod
1014 2184 1094 2207 non
1138 2179 1269 2218 potest
1314 2169 1561 2217 contingere,
1606 2169 1682 2206 nisi
1726 2169 1813 2217 ipsa

496 2230 662 2266 dileccio
696 2229 824 2277 prime
857 2228 1084 2265 substancie
1118 2241 1375 2276 nequaquam
1415 2228 1456 2263 in
1494 2240 1534 2263 se
1574 2228 1705 2273 habet,
1746 2228 1813 2263 sed
1829 2228 1870 2262 35

495 2289 625 2324 solum
659 2288 879 2324 secundum
914 2295 1118 2334 respectus
1142 2296 1178 2322 et
1201 2287 1422 2322 secundum
1456 2285 1614 2321 obiecta
1637 2284 1813 2333 disparia

497 2346 626 2382 maior
649 2354 685 2381 et
710 2345 841 2381 minor
856 2344 1023 2381 dicatur.
1049 2346 1176 2390 Unde,
1200 2344 1302 2380 sicut
1317 2344 1486 2392 angulus
1505 2342 1814 2379 mathematicus

496 2404 536 2440 in
552 2416 591 2440 se
607 2404 786 2440 absolute
802 2412 859 2439 est
874 2402 1137 2445 indivisibilis,
1163 2411 1200 2438 et
1218 2412 1354 2438 tamen
1375 2401 1608 2449 respective,
1631 2409 1814 2449 respectu

498 2462 615 2507 basis,
651 2471 688 2497 et
716 2474 819 2497 unus
843 2460 972 2497 maior
1005 2469 1041 2496 et
1074 2460 1175 2496 alius
1208 2460 1341 2496 minor
1373 2473 1396 2496 a
1430 2459 1725 2496 mathematicis
1748 2459 1814 2494 de-

498 2529 747 2570 numeratur,
772 2519 827 2555 sic
850 2518 1017 2555 dileccio
1032 2518 1161 2566 prime
1185 2518 1413 2555 substancie
1436 2518 1477 2554 in
1500 2530 1540 2553 se
1563 2526 1621 2554 est
1642 2516 1874 2560 invaria-40

498 2578 630 2614 biliter
661 2577 818 2613 infinita
850 2589 922 2613 nec
955 2585 1012 2613 est
1044 2576 1179 2624 aliquo
1214 2577 1334 2613 modo
1364 2575 1580 2622 mutabilis,
1615 2584 1652 2612 et
1680 2584 1815 2611 tamen

575 2778 613 2797 21.
639 2769 732 2797 Cod..·
758 2739 887 2796 infinittzi.
959 2777 1002 2803 41.
1029 2769 1124 2796 Coa'.:
1149 2775 1186 2795 2¹¹¹
1209 2762 1283 2809 {¹113ss
1303 2761 1378 2799 *frvi-3.
