2056 3234
140 832 177 852 IO

140 1109 175 1141 15

45 1341 82 1372 F.
106 1341 178 1382 194¹

137 1408 178 1429 20

193 191 281 218 CAP-
303 192 339 219 II·
512 194 570 225 DE
598 193 720 224 ENTE
749 194 1168 226 PREDICAMENTALI.
1739 196 1782 221 21

194 300 461 337 nominatum.
486 302 567 335 Nec
591 299 771 347 sequitur
795 312 838 335 ex
862 299 952 345 isto,
978 301 1085 348 quod
1110 308 1245 347 posset
1265 312 1347 336 esse
1366 302 1503 335 Petrus

194 357 327 395 asinus
360 366 448 402 etc.,
490 356 583 404 quia
622 366 716 393 tunc
755 365 889 404 posset
930 369 1014 393 esse
1053 356 1130 393 alia
1164 370 1225 393 res
1259 357 1315 393 sic
1346 365 1502 393 vocata.

251 416 328 452 Sed
352 414 614 462 relinquendo
638 414 734 450 istas
760 414 1045 451 contenciones
1068 414 1214 462 pueris,
1250 424 1287 451 et
1320 414 1503 450 faciendo

194 473 313 509 finem
337 474 385 508 de
408 471 611 508 sentencia
635 471 856 519 signorum,
888 471 983 508 satis
1008 480 1066 508 est
1089 471 1235 517 dicere,
1261 473 1367 520 quod
1392 471 1505 519 signa

193 539 284 567 sunt
317 529 511 578 equivoca
543 531 762 566 secundum
797 539 876 565 tres
909 531 1069 577 gradus,
1105 538 1142 565 et
1166 529 1244 565 alia
1276 529 1389 577 signa
1413 537 1504 565 sunt

192 588 363 624 univoca
414 588 776 635 correspondentes
829 588 879 623 ad
923 586 1254 623 univocacionem
1301 587 1341 622 in
1386 588 1504 623 rebus

194 655 321 691 extra;
369 654 405 681 et
451 644 586 693 aliqua
624 653 715 680 sunt
755 644 1021 692 multiplicata
1059 645 1119 681 vel
1157 644 1382 692 synonima‚
1429 657 1505 692 que

193 705 265 739 sub
298 702 524 750 disparibus
556 715 699 738 vocum
724 702 862 738 formis
887 703 1029 738 eadam
1054 701 1295 749 significant,
1330 710 1371 737 ut
1401 701 1504 737 ensis

193 770 230 797 et
252 760 420 808 gladius.
455 761 532 797 Sed
555 760 669 804 forte,
694 759 725 795 si
749 760 836 808 quis
859 760 978 796 sciret
1011 759 1194 796 raciones
1227 758 1504 807 imposicionis

194 818 416 863 nominum,
451 818 559 854 nulla
592 817 689 854 talia
722 826 852 854 essent
886 830 984 865 pure
1017 817 1241 865 synonima,
1275 826 1317 853 ut
1342 816 1444 865 lapis
1468 825 1505 853 et

194 885 307 924 petra
340 888 422 912 non
454 883 546 912 sunt
579 874 744 911 omnino
778 874 1003 922 synonima,
1043 875 1100 911 sic
1138 888 1210 911 nec
1250 887 1399 911 nomen
1432 874 1504 909 dif-

194 933 393 970 finicionis
427 942 464 969 et
496 946 644 969 nomen
683 932 866 977 diffiniti;
911 932 1151 980 generaliter
1190 941 1323 969 autem
1365 944 1505 968 omnes

193 992 321 1027 forme
354 990 620 1027 accidentales
660 999 750 1026 sunt
791 989 1091 1027 denominativa
1125 999 1161 1026 et
1195 989 1407 1026 actualiter
1440 991 1504 1025 de-

193 1048 418 1094 nominant,
453 1057 495 1085 ut
519 1048 746 1085 concretive
770 1048 1000 1084 inexistunt.
1036 1049 1150 1085 Unde
1176 1047 1313 1084 omnia
1338 1046 1505 1083 nomina

194 1106 462 1143 connotancia
506 1106 729 1142 subiectum
765 1115 801 1142 et
834 1105 907 1142 sibi
948 1105 1251 1142 accidentaliter
1292 1104 1505 1141 inexistens

193 1173 386 1201 vocantur
427 1163 737 1208 denominativa,
783 1173 825 1199 ut
867 1172 1076 1212 quantum,
1122 1164 1252 1212 quale,
1301 1162 1503 1210 magister,

193 1221 345 1268 artifex,
401 1221 599 1267 dominus,
653 1230 688 1258 et
732 1221 879 1258 similia
924 1221 1193 1257 connotancia
1237 1220 1422 1257 accidens
1467 1219 1506 1255 in

194 1279 343 1328 aliquo.
395 1281 437 1315 In
469 1279 594 1316 tercio
627 1280 753 1326 gradu
787 1288 878 1315 sunt
918 1279 1056 1316 omnia
1095 1291 1253 1327 genera,
1294 1287 1336 1314 ut
1375 1277 1505 1314 innuit

193 1337 428 1374 Aristoteles
464 1333 466 1389 l
505 1341 550 1384 70
584 1337 834 1373 Phisicorum
872 1338 957 1383 310,
1003 1336 1071 1372 ubi
1117 1336 1211 1373 dicit
1255 1349 1377 1384 genus
1422 1348 1505 1372 esse

193 1404 373 1432 tacenter
412 1395 664 1443 equivocum,
711 1404 747 1431 et
787 1395 900 1442 ponit
939 1394 1117 1442 triplices
1157 1396 1303 1442 gradus
1345 1393 1506 1442 equivo-

195 1465 333 1489 corum
367 1454 585 1489 secundum
621 1453 866 1489 sentenciam
901 1452 963 1488 hic
997 1452 1185 1500 positam

250 1513 319 1547 Est
350 1519 483 1547 autem
517 1509 657 1558 triplex
690 1510 813 1556 racio,
847 1522 971 1558 quale
1004 1522 1148 1558 genera
1177 1510 1366 1546 dicuntur
1399 1508 1508 1557 equi·
1530 1514 1632 1542 Three
1652 1523 1736 1551 ways
1756 1515 1786 1541 in

192 1581 303 1605 voca.
329 1568 475 1614 Prima,
501 1567 594 1616 quia
628 1569 775 1604 habent
809 1568 984 1604 diversas
1018 1568 1199 1603 iaciones
1232 1567 1271 1603 in
1304 1566 1384 1603 suis
1417 1568 1508 1603 sub·
1535 1549 1783 1619 avlypiggfflgxcggf

193 1626 388 1662 ordinatis
420 1626 641 1674 speciebus.
668 1628 853 1662 Secunda
887 1635 957 1671 est,
983 1625 1076 1674 quia
1101 1624 1329 1673 significant
1353 1624 1506 1672 species
1522 1619 1795 1680 Ifissfrccgiffilessffgntts'

194 1683 417 1747 disparium
457 1683 757 1747 perfeccionum
798 1683 1075 1720 essencialium
1117 1683 1245 1719 eciam
1285 1683 1505 1719 secundum
1530 1688 1675 1715 relations
1695 1692 1725 1715 to
1746 1687 1797 1714 the

194 1741 382 1790 speciem,
417 1744 465 1777 Et
487 1741 624 1787 tercia,
650 1741 743 1790 quia
770 1750 827 1778 est
851 1743 1023 1790 quedam
1048 1740 1235 1788 analogia
1258 1741 1361 1777 inter
1384 1752 1507 1787 genus
1553 1722 1743 1784 coritffirciieeds'
1737 1757 1767 1784 in

194 1808 231 1835 et
266 1812 378 1836 suam
413 1799 601 1847 speciem,
638 1812 727 1836 cum
761 1799 914 1847 species
938 1799 1204 1847 presupponit
1228 1811 1343 1834 suum
1368 1810 1491 1845 genus
1614 1792 1707 1819 them

1497 1827 1505 1843 '
1521 1827 1560 1854 11.
1578 1826 1712 1853 Because
1726 1826 1797 1864 they

194 1857 296 1893 sicut
329 1857 514 1894 accidens
548 1857 812 1905 piesupponit
845 1870 960 1893 suum
995 1857 1234 1902 subiectum,
1270 1865 1307 1892 et
1331 1854 1507 1904 quelibet
1531 1861 1653 1888 include
1673 1870 1686 1887 s
1713 1869 1790 1887 emes

195 1924 378 1952 creatura
417 1917 558 1951 Deum.
611 1916 702 1952 Ideo
741 1914 837 1951 dicit
870 1915 1150 1963 Philosophus,
1197 1886 1304 1962 qiiod
1344 1922 1508 1962 propter
1529 1895 1629 1957 whiffl
1648 1895 1738 1957 3115?
1758 1903 1790 1921 as

264 2103 291 2131 ς).
316 2082 411 2124 Cod.:
426 2073 510 2131 ἶρῗφ
531 2086 614 2137 Ῑξᾷἶψ
636 2087 719 2122 nom.
794 2045 1085 2129 18.Cod.:ial›izl1igl,
1105 2094 1208 2129 aliquo
1227 2094 1264 2121 ab
1283 2094 1384 2121 altera
1404 2101 1506 2120 manu.

270 2213 319 2245 19.
354 2203 407 2244 Cf.
434 2203 536 2233 Arist.
564 2203 638 2233 Nat.
666 2202 768 2233 Ausc.
788 2202 846 2232 VH
872 2212 904 2242 4,
936 2212 968 2232 11
1008 2201 1091 2240 (Ed
1120 2201 1234 2232 Paris.
1264 2200 1411 2237 [[340,
1438 2200 1507 2239 17).

196 2246 269 2279 Καὶ
297 2247 462 2290 σημαίνει
488 2245 506 2279 ὁ
527 2245 629 2289 λόγος
654 2243 772 2288 οὗτος,
799 2243 854 2278 ὅτι
880 2247 918 2279 τὸ
944 2245 1048 2288 γένος
1072 2244 1137 2288 οὐχ
1162 2243 1201 2277 ἕν
1226 2256 1268 2285 τι,
1296 2243 1382 2277 ἀλλὰ
1408 2242 1507 2285 παρὰ

196 2297 300 2326 τοῦτο
333 2293 507 2326 λανθάνει
538 2292 659 2348 πολλά,
698 2290 767 2324 εἰσί
802 2304 839 2325 τε
876 2296 949 2324 τῶν
987 2289 1209 2345 ὁμωνυμιῶν
1243 2289 1281 2323 αἱ
1317 2289 1382 2333 μὲν
1419 2288 1508 2323 πολὺ

196 2339 405 2383 ἀπέχουσαι,
435 2338 473 2372 αἱ
504 2339 543 2372 δε
575 2337 721 2382 ἔχουσαί
752 2350 832 2371 τινα
858 2336 1064 2385 ὁμοιότητα,
1098 2336 1136 2369 αἱ
1161 2334 1297 2379 δ’ὲγγὺς
1322 2334 1342 2379 ἢ
1368 2335 1461 2378 γένει
1486 2348 1507 2378 η

196 2385 377 2428 ἀναλογίᾳ,
404 2386 459 2419 διὸ
486 2383 530 2418 οὗ
555 2385 724 2418 δοκοῦσιν
750 2382 944 2428 ὁμονυμίαι
970 2385 1071 2424 εἰναι,
1099 2380 1215 2416 οὖσαι.
1246 2385 1299 2426 Cf.
1319 2384 1506 2416 editionem

200 2434 368 2466 Venetam
412 2433 639 2475 Physicorum
672 2433 730 2463 VII
773 2443 931 2464 summae
969 2438 1111 2473 quartae
1149 2431 1320 2462 sectiones
1362 2431 1506 2469 30—31‚

196 2480 262 2512 vol.
288 2480 355 2518 III,
380 2491 417 2522 p.
444 2481 515 2511 151.
659 2489 711 2520 29.
749 2479 802 2520 Cf
833 2479 938 2510 Arist.
971 2479 1045 2510 Nat
1080 2478 1185 2509 Ausc.
1212 2477 1271 2507 VII
1303 2486 1335 2517 4,
1368 2486 1388 2513 9
1424 2475 1508 2513 (Ed.

197 2527 284 2558 Par.
312 2525 350 2557 II
369 2527 454 2564 339,
473 2526 517 2556 47
537 2526 618 2562 ss..·)
641 2523 725 2555 ’Έτι
756 2523 918 2556 δεκτικὸν
948 2522 991 2556 οὐ
1024 2522 1062 2554 τὸ
1099 2519 1205 2565 τυχόν
1236 2518 1342 2561 ἐστιν,
1374 2520 1446 2552 ἀλλ’
1472 2517 1510 2552 ἒν

197 2568 278 2609 ἑνὸς
303 2567 344 2603 τὸ
369 2573 525 2614 πρῶτον.
563 2569 642 2602 Ἀλλ’
668 2566 738 2612 ἆρα
770 2568 813 2602 οὐ
845 2567 958 2612 μόνον
982 2569 1039 2601 δεῖ
1062 2580 1105 2600 τα
1132 2565 1313 2620 συμβλητὰ
1339 2565 1387 2609 μὴ
1399 2564 1509 2621 ὁμώ-

197 2629 291 2660 νυμα
322 2612 414 2649 εἶναι
445 2615 531 2649 ἀλλὰ
566 2614 625 2648 καὶ
656 2614 704 2658 μὴ
736 2626 828 2658 εχειν
866 2615 1060 2657 διαφοράν,
1098 2613 1186 2656 μήτε
1217 2610 1243 2645 ὃ
1281 2612 1361 2655 μήτ’
1393 2623 1432 2644 εν
1463 2608 1510 2656 ᾧ;

196 2662 284 2705 λὲγω
311 2661 350 2695 δε
377 2659 454 2695 οἷον
478 2666 604 2706 χρῶμα
629 2660 699 2705 ἔχει
724 2661 928 2705 [διαφοράν
953 2658 994 2705 ἢ]
1020 2659 1205 2703 διαίρεσιν.
1236 2660 1442 2701 Τοιγαροῦν
1467 2647 1510 2690 οὐ

198 2707 400 2752 συμβλητόν
423 2708 514 2741 κατὰ
539 2711 659 2747 τοῦτο,
690 2706 769 2741 οἷον
799 2706 954 2750 πότερον
985 2705 1278 2759 κεχρωμάτισται
1294 2706 1436 2748 μᾶλλον,
1461 2702 1509 2747 μὴ

196 2754 288 2787 κατά
313 2766 346 2787 τι
371 2757 507 2798 χρῶμα,
540 2753 612 2787 ἀλλ’
637 2750 662 2800 ᾗ
690 2757 829 2798 χρῶμα,
862 2752 948 2786 ἀλλὰ
980 2751 1071 2785 κατὰ
1103 2750 1143 2785 τὸ
1175 2749 1302 2784 λευκόν
1327 2770 1371 2775 -
1396 2756 1431 2784 et
1462 2761 1510 2783 ex

199 2803 494 2838 Commentatoris
514 2802 626 2836 verbiS
644 2802 731 2837 haec
750 2801 834 2840 (Ed.
854 2802 898 2833 γι
903 2806 985 2833 neta
1005 2799 1108 2843 Phys.
1118 2799 1178 2831 VII
1198 2808 1359 2832 summae
1377 2801 1509 2841 quarta
