2056 3234
196 184 282 211 (ΞΜ).
304 183 356 211 VI·
523 187 580 217 DE
609 186 729 217 ENTH
759 185 1177 217 PRFJHCAMENTALI.

195 294 253 330 vel
300 292 551 341 profunditas
597 300 653 327 est
701 291 826 338 ipsum
875 304 954 336 rc53
1004 299 1039 326 ct
1086 303 1174 326 cum
1222 299 1376 326 tantum
1422 304 1502 327 uno

195 353 320 398 gradu
349 350 398 386 sit
423 363 494 394 res,
532 358 571 385 ut
594 349 773 397 sequitur
798 361 841 384 ex
866 348 1069 395 opinione,
1104 356 1226 395 patet,
1261 350 1365 395 quod
1392 349 1502 384 omni

194 410 332 456 gradu,
368 421 446 455 quo
470 409 502 443 A
526 415 582 443 est
615 407 837 453 longitudo,
873 415 929 442 est
962 406 1133 441 latitudo
1168 414 1203 442 et
1238 406 1501 453 profunditas,

195 475 231 502 et
272 467 346 501 hoc
392 464 628 512 expositorie
673 464 851 511 sequitur
898 476 939 499 cx
979 463 1173 511 quiditate
1213 465 1378 511 gradum
1424 477 1502 499 non

162 527 177 557 J«
195 536 287 569 ergo
322 524 392 558 sub
427 522 570 558 minori
606 523 733 569 gradu
766 522 825 557 vel
860 521 989 556 minus
1030 530 1086 556 est
1119 521 1341 568 longitudo,
1382 534 1502 569 quain

142 825 178 845 10

144 1103 177 1134 15

136 1968 177 1998 b'o

195 590 251 618 cst
274 580 444 616 latitudo
468 580 527 616 vel
557 579 820 627 profunditas,
857 591 946 615 cum
970 578 1150 626 sequitur
1174 580 1246 614 sub
1271 579 1345 614 isto
1379 580 1505 626 gradu

195 647 251 675 est
289 638 511 685 longitudo,
553 646 588 673 et
628 649 697 685 per
736 649 776 672 se
815 636 1023 683 longitudo
1065 645 1121 672 est
1155 636 1369 684 quantitas,
1411 650 1504 682 ergo

194 697 264 732 sul)
299 695 373 731 isto
407 697 532 743 gradu
574 704 632 730 cst
665 694 880 742 quantitas.
923 696 1082 738 Quanto
1116 694 1221 730 enirn
1261 693 1414 742 aliquid
1449 702 1505 729 cst

195 755 330 800 honio,
364 762 473 789 tante
497 761 553 789 est
586 751 749 797 animal,
785 761 820 787 et
844 751 1039 799 quidquid
1064 764 1133 799 per
1155 764 1195 787 se
1230 752 1359 798 primo
1385 752 1505 787 modo

196 811 311 847 fuerit
345 811 512 855 essendi,
554 809 647 857 quia
680 809 794 845 aliter
826 822 906 844 non
945 818 1046 844 esset
1079 822 1149 857 per
1181 821 1221 844 se
1261 808 1504 853 huiusmodi,

194 869 224 904 si
257 877 389 916 posset
421 881 526 904 nunc
565 868 652 915 plus
686 876 722 902 et
754 879 859 903 nunc
899 866 1029 902 minus
1062 879 1145 903 esse
1175 866 1424 909 huiusmodi3
1464 875 1505 902 ut

196 928 316 962 homo
355 939 434 962 non
474 935 529 962 est
570 937 639 973 per
684 938 723 961 se
764 933 949 972 quantus,
996 925 1097 960 sicut
1135 937 1215 960 non
1254 933 1311 961 est
1355 936 1425 972 per
1465 937 1505 960 se

195 984 325 1029 albus:
366 983 477 1019 cuius
518 983 626 1019 racio
667 992 723 1018 est
762 982 868 1018 iuxta
907 981 962 1018 sic
1004 982 1227 1030 opinantes,
1269 981 1362 1030 quia
1400 994 1505 1018 nunc

194 1051 325 1089 potest
365 1054 447 1077 esse
488 1040 613 1088 magis
653 1049 839 1089 quantuS,
881 1052 985 1076 nunc
1027 1040 1156 1076 minus
1197 1049 1383 1088 quantus.
1432 1041 1506 1076 Per

194 1099 299 1135 idern
323 1099 491 1144 videtur,
526 1100 633 1146 quod
666 1111 736 1146 per
769 1098 954 1134 accidens
989 1107 1045 1134 est
1078 1098 1183 1134 linea
1213 1107 1377 1145 quanta,
1412 1097 1505 1146 quia

195 1166 326 1204 potest
360 1169 521 1193 manere
555 1157 692 1192 eadem
726 1156 829 1192 linea
858 1169 963 1192 nunc
999 1156 1124 1204 tnagis
1148 1164 1298 1203 quanta
1332 1164 1367 1191 et
1399 1168 1505 1191 nunc

197 1214 327 1250 minus
362 1223 525 1263 quanta.

253 1274 363 1318 Item,
412 1272 443 1308 si
487 1271 716 1307 substancia
760 1284 837 1307 non
873 1271 922 1307 sit
955 1280 1066 1308 tanta
1099 1271 1323 1318 longitudo,
1369 1270 1470 1307 sicut

195 1330 365 1366 latitudo
388 1331 447 1366 vel
480 1329 745 1377 profunditas,
779 1338 847 1364 aut
880 1338 1055 1373 econtra,
1091 1328 1283 1376 sequitur,
1319 1329 1425 1376 quod
1457 1328 1505 1364 sit

195 1387 394 1423 infinitum
421 1388 550 1423 minor
584 1387 792 1434 longitudo
818 1399 937 1434 quarn
963 1386 1213 1434 profunditas
1236 1386 1296 1422 vel
1330 1395 1504 1431 econtra,

194 1445 287 1493 quia
320 1447 352 1481 A
391 1446 578 1481 columna
618 1453 673 1480 est
713 1444 902 1492 precipue
940 1454 1051 1480 tanta
1092 1443 1313 1491 longitudo,
1356 1453 1506 1491 quanta

196 1511 252 1539 est
293 1503 427 1551 aliqua
468 1502 648 1547 istarum,
696 1504 1009 1538 demonstrando
1049 1514 1189 1538 omnes
1228 1510 1361 1549 partes
1400 1514 1504 1545 suas,

193 1573 362 1608 quarum
388 1560 561 1608 quelibet
593 1560 642 1596 sit
674 1572 773 1608 eque
806 1561 925 1607 longa
955 1573 1043 1596 cum
1070 1569 1169 1611 toto,
1203 1560 1270 1595 sed
1303 1559 1503 1595 infinitum

195 1618 323 1654 minor
360 1617 567 1666 longitudo
607 1627 663 1653 est
702 1618 838 1665 aliqua
876 1617 1055 1662 istarum,
1097 1630 1215 1665 quarn
1249 1618 1281 1652 A
1321 1626 1378 1652 est
1417 1629 1506 1664 pro-

140 1705 169 1710 „
194 1675 385 1721 funditas,
427 1688 517 1723 ergo
551 1677 583 1711 A
623 1684 678 1711 est
718 1675 917 1711 infinitum
960 1675 1089 1711 minor
1128 1674 1348 1723 longitudo,
1384 1688 1503 1723 quam

192 1733 321 1780 ipsum
365 1743 421 1769 est
460 1733 723 1781 profunditas,
763 1735 843 1769 Nec
882 1734 984 1769 valet
1018 1733 1162 1782 dicere,
1202 1733 1308 1781 quod
1344 1745 1505 1780 compa-

193 1791 300 1827 racio
345 1804 423 1827 non
469 1800 527 1827 est
565 1790 825 1835 admittenda,
871 1790 964 1839 quia
1004 1790 1067 1827 hic
1110 1803 1191 1826 non
1236 1799 1327 1826 sunt
1371 1790 1504 1838 aliqua

193 1858 439 1895 comparata,
481 1848 555 1884 nisi
589 1861 649 1884 res
691 1849 867 1884 eiusdem
910 1848 1055 1896 speciei
1089 1848 1168 1884 sive
1201 1847 1362 1896 proprie
1397 1860 1504 1884 con]-

195 1908 382 1953 parande.
438 1909 516 1942 Nec
563 1907 665 1942 valet
718 1906 781 1942 isti
829 1906 887 1942 vie
935 1906 1080 1950 dicere,
1134 1907 1241 1953 quod
1287 1905 1395 1942 racio
1448 1915 1504 1941 cst

194 1964 360 2008 diversa,
407 1964 498 2012 quia
544 1964 757 2011 utrobique
803 1974 859 2000 est
905 1964 1012 2000 racio
1059 1965 1211 2007 eadem,
1258 1976 1346 2000 cun]
1397 1964 1505 1999 racio

193 2023 412 2057 secundum
453 2021 508 2057 sic
547 2022 757 2069 opinantes
803 2022 851 2057 sit
888 2023 949 2057 vel
987 2031 1098 2057 actus
1138 2020 1270 2057 anime
1309 2022 1368 2057 vel
1414 2023 1505 2057 sub-

193 2078 345 2114 stancia
396 2080 456 2115 vel
511 2080 695 2126 qualitas,
754 2081 800 2115 de
857 2092 935 2127 qua
992 2088 1048 2115 cst
1100 2078 1220 2115 racio.
1277 2081 1358 2115 Nec
1401 2080 1504 2115 valet

195 2149 338 2183 negare
381 2137 632 2184 syllogismos
679 2136 944 2184 expositorios
985 2145 1151 2184 propter
1190 2148 1348 2172 sensum
1389 2138 1504 2172 scdu-

195 2194 322 2238 ccndi,
348 2203 388 2229 ut
408 2203 515 2241 patet
534 2203 708 2230 tractatu
729 2196 775 2230 de
794 2196 1008 2241 Tempore.
1034 2197 1080 2229 Et
1100 2206 1143 2229 ex
1162 2195 1300 2229 cadem
1322 2194 1503 2231 conside-

139 2251 355 2288 'o'firacione
394 2251 585 2299 sequitur,
632 2253 739 2299 quod
783 2252 914 2288 omnis
954 2252 1163 2299 longitudo
1207 2251 1255 2287 sit
1302 2251 1502 2287 infinitum

196 2308 323 2345 maior
356 2309 620 2356 profunditas,
646 2323 765 2357 quani
800 2309 930 2357 ipsun]
967 2319 1023 2345 cst
1047 2309 1233 2354 latitudo,
1258 2309 1351 2357 quia
1375 2309 1504 2345 infini-

196 2376 276 2401 tutn
305 2366 434 2402 minor
457 2366 641 2412 latitudo,
666 2380 785 2414 quam
810 2367 941 2414 ipsum
967 2376 1023 2402 est
1047 2366 1310 2414 profunditas,
1346 2376 1401 2403 cst
1432 2380 1503 2415 par

196 2418 363 2460 latitudo
399 2437 488 2460 cum
523 2424 603 2460 illo.
638 2424 827 2472 Sequitur
851 2425 976 2461 eciam
1012 2425 1127 2469 ultra,
1163 2426 1268 2472 quod
1293 2424 1415 2460 nichil
1447 2425 1502 2461 sic

195 2491 250 2517 cst
284 2482 542 2529 profundum,
578 2491 619 2517 ut
654 2495 857 2529 inagnum,
899 2481 974 2518 nisi
1009 2482 1124 2518 unius
1157 2482 1304 2529 speciei
1339 2495 1501 2530 corpus:

263 2615 308 2649 213,
331 2622 374 2651 27.
397 2616 603 2650 compzlraciol
626 2616 713 2643 cml..-
732 2616 904 2650 compat-io.

266 2700 318 2731 32.
355 2699 618 2731 Commemorat
644 2699 768 2741 Wiclif
790 2701 852 2732 hoc
878 2701 953 2732 Ioco
981 2701 1097 2741 operis
1123 2701 1178 2732 sui
1212 2700 1422 2740 amplissimi
1455 2700 1504 2730 De

195 2745 281 2775 linto
319 2745 390 2775 sive
429 2746 571 2777 Summa
609 2746 895 2777 Intellectualium
934 2747 1098 2787 inscripti
1135 2747 1217 2778 libri
1254 2746 1274 2776 I
1308 2749 1502 2777 tractatum

193 2795 346 2826 sextum,
374 2791 416 2832 cf.
446 2791 590 2833 Shirley
614 2793 635 2823 l.
661 2802 701 2829 c.,
724 2803 763 2835 p.
789 2795 821 2824 3.
