2056 3234
202 179 290 206 CAP-
313 179 404 206 XXII·
527 181 585 212 DE
613 181 734 212 ENTE
762 181 1183 212 PREDICAMENTALI.

201 286 299 322 illud
323 295 481 334 tempus
506 299 666 323 manere
691 285 878 322 continue
901 286 1100 333 signatum
1131 299 1202 334 per
1224 287 1323 322 illud
1346 289 1509 323 verbum

202 346 248 380 de
272 344 461 392 presenti,
485 353 522 380 et
536 357 607 392 per
622 356 870 392 consequens
892 357 974 380 non
997 353 1169 391 oportet,
1194 346 1301 392 quod
1325 345 1511 381 continue

202 401 355 438 excidat
401 401 641 449 assignando
685 410 841 449 tempus
887 402 1087 438 continue.
1133 404 1214 438 Nec
1259 411 1315 438 est
1358 415 1510 448 verum,

202 460 309 507 quod
354 459 505 495 instans
551 459 751 507 significat
796 459 1034 496 naturaliter
1077 460 1155 496 tale
1198 468 1370 507 tempus,
1418 460 1512 508 quia

170 521 273 565 Sper
304 517 410 553 idem
443 517 687 565 significaret
719 530 838 553 omne
871 526 1030 565 tempus
1062 517 1142 554 sive
1165 517 1283 553 fuerit
1306 518 1386 554 sive
1417 531 1510 555 non.

203 577 283 611 Nec
317 583 373 610 est
406 587 556 620 verum,
591 576 699 623 quod
733 587 853 611 omne
884 584 1042 623 tempus
1075 575 1255 623 signatur
1287 575 1358 611 tali
1390 577 1511 612 verbo

202 645 273 680 per
304 644 357 677 se,
391 632 585 680 quamdiu
624 641 772 677 manet,
808 632 914 680 quia,
953 642 996 668 ut
1029 633 1126 669 alias
1160 633 1407 669 declaratum
1441 642 1511 680 est,

204 689 416 726 existencia
449 690 591 738 signati
628 699 684 726 est
717 690 991 738 impertinens,
1033 699 1075 726 ut
1109 690 1366 738 significetur.
1410 693 1512 726 Ymo

203 756 298 784 tunc
321 748 529 795 quodlibet
553 756 711 796 tempus
734 748 899 784 haberet
923 748 1130 796 propriam
1155 748 1511 796 significacionem‚

150 819 188 839 10
203 814 240 841 et
262 817 333 853 per
356 818 605 854 consequens
629 805 752 842 virtus
786 807 1107 853 apprehenderet
1139 806 1297 843 infinita
1329 816 1514 854 tempora

203 863 409 911 quodlibet
453 863 617 911 propria
654 863 922 911 intelligencia
962 873 999 900 et
1038 863 1240 912 distincta,
1286 866 1394 913 quod
1432 877 1514 900 non

202 930 332 968 potest
356 921 478 957 virtus
511 921 622 957 finita
654 922 797 967 facere,
833 922 926 969 quia
959 922 1074 969 plura
1106 922 1254 958 scimus
1288 931 1324 959 et
1356 931 1513 958 tantum

203 992 327 1014 unum
362 978 621 1026 intelligimus
654 980 875 1015 secundum
906 979 1208 1028 Philosophum,
1243 989 1279 1016 et
1312 989 1407 1016 tunc
1440 993 1513 1028 pro

205 1036 383 1084 quolibet
421 1036 586 1073 instanti
624 1050 705 1073 una
745 1037 992 1084 significacio
1030 1037 1285 1075 instantanea
1318 1038 1513 1086 inciperet

152 1098 289 1130 15esse
329 1103 365 1130 et
405 1108 485 1131 una
523 1094 770 1142 significacio
803 1094 1055 1131 instantanea
1096 1096 1293 1132 desineret
1327 1109 1429 1140 esse;
1476 1105 1513 1132 et

205 1151 273 1198 sic,
306 1160 349 1187 ut
380 1152 547 1199 videtur,
583 1152 818 1188 continuum
852 1162 1162 1201 componeretur
1186 1166 1228 1189 ex
1257 1153 1511 1199 instantibus,

205 1209 236 1245 si
275 1209 520 1257 significacio
558 1210 813 1246 instantanea
852 1211 951 1247 foret
990 1211 1167 1247 eiusdem
1206 1211 1379 1248 racionis
1421 1225 1511 1248 cum

205 1267 440 1304 successivo.
467 1267 506 1304 Si
529 1277 663 1304 autem
689 1268 859 1311 dicatur,
893 1271 1002 1316 quod
1031 1282 1112 1305 non
1135 1269 1341 1305 variantur
1363 1269 1513 1317 signifi-

207 1325 390 1361 caciones
422 1334 653 1373 temporum
687 1338 757 1373 per
779 1328 910 1371 verba,
945 1328 1011 1362 sed
1047 1328 1187 1363 eadem
1221 1327 1512 1364 connotacione

150 1396 190 1417 20
205 1382 404 1430 significat
426 1385 590 1420 verbum
624 1396 743 1420 omne
765 1393 936 1432 tempus,
971 1386 1078 1432 quod
1107 1385 1361 1432 significabit,
1396 1386 1513 1433 plane

204 1449 300 1477 tunc
345 1441 537 1489 sequitur,
584 1443 690 1489 quod
736 1454 855 1477 omne
894 1443 1060 1478 verbum
1100 1455 1200 1490 eque
1244 1443 1513 1479 communiter

205 1498 403 1546 significat
459 1508 630 1547 tempus,
691 1512 780 1535 curn
835 1501 973 1535 eadem
1032 1500 1332 1548 significacione
1384 1509 1514 1549 potest

205 1556 409 1604 quodlibet
442 1565 599 1604 tempus
632 1556 875 1604 significare3
916 1566 953 1593 et
985 1558 1053 1593 illa
1094 1560 1232 1594 eadem
1266 1558 1512 1606 significacio

203 1627 284 1650 non
327 1622 459 1662 potest
502 1627 607 1650 nunc
646 1614 855 1651 terminari
894 1617 942 1651 ad
988 1629 1111 1651 unum
1156 1616 1430 1663 sigfflficabile,
1477 1624 1513 1652 et

149 1676 187 1707 25
204 1684 309 1707 nunc
349 1674 398 1708 ad
437 1672 557 1718 aliud,
598 1672 725 1720 priori
766 1673 930 1709 dimisso
964 1686 1023 1719 eo,
1060 1675 1166 1721 quod
1203 1683 1259 1710 est
1292 1676 1339 1710 de
1371 1687 1513 1722 genere

206 1730 530 1777 respectivorum.

263 1789 310 1823 Et
350 1800 392 1823 ex
432 1789 505 1824 hoc
543 1787 712 1833 videtur,
755 1790 862 1836 quod
902 1788 1148 1836 significacio
1188 1789 1296 1825 verbi
1334 1802 1433 1837 pure
1467 1790 1514 1825 de

203 1846 375 1892 presenti
431 1845 670 1881 terminatur
724 1858 823 1893 pure
873 1847 922 1882 ad
969 1846 1122 1883 instans
1168 1847 1251 1883 sine
1301 1847 1417 1895 pluri,
1471 1855 1514 1883 ut

204 1911 353 1938 tactum
396 1913 452 1939 est
491 1903 673 1951 superius
713 1905 760 1939 de
799 1903 1099 1951 significacione
1133 1914 1278 1951 motus,
1324 1917 1400 1953 que
1433 1918 1513 1941 non

148 1964 189 1996 30
205 1969 335 2008 potest
369 1961 501 2008 primo
535 1961 621 1997 fieri
654 1974 774 2009 super
806 1961 1036 1998 indivisibili
1070 1962 1109 1998 in
1144 1972 1268 1999 motu.

262 2018 435 2055 Ulterius
479 2018 646 2065 videtur,
706 2020 813 2066 quod
858 2028 1074 2068 utrumque
1127 2021 1351 2068 exemplum
1406 2019 1513 2067 capit

204 2076 497 2123 calumpniam3
537 2076 726 2124 primum,
768 2076 861 2125 quia
895 2078 1012 2113 oculo
1046 2078 1121 2114 fixo
1153 2078 1312 2114 vidente
1346 2077 1511 2114 fluvium

202 2134 262 2169 vel
304 2134 466 2182 aliquod
511 2134 664 2170 visibile
710 2135 923 2170 decurrens
969 2135 1156 2171 continue
1200 2148 1271 2184 per
1315 2136 1510 2181 foramen,

203 2191 303 2227 foret
328 2191 517 2227 continue
550 2204 666 2238 nova,
700 2200 737 2228 et
769 2205 872 2228 nova
905 2193 1067 2240 species,
1102 2202 1139 2229 et
1162 2206 1232 2241 per
1265 2206 1512 2241 consequens

148 2252 187 2284 35
203 2261 283 2285 non
307 2251 445 2285 eadem
468 2249 508 2285 in
531 2262 699 2286 numero
733 2250 957 2297 significare
991 2250 1179 2287 continue
1212 2260 1345 2299 partes
1378 2263 1513 2287 succe-

198 2307 341 2342 dentes
374 2307 535 2343 dimissa
568 2307 867 2354 significacione
900 2308 1094 2355 priorum.
1129 2311 1232 2344 Nam
1256 2309 1411 2344 nullum
1435 2310 1513 2345 tale

205 2365 445 2400 collocatum
479 2373 773 2412 representaret
806 2377 846 2401 se
878 2365 991 2410 visui,
1026 2366 1100 2402 nisi
1134 2366 1335 2403 mediante
1368 2366 1513 2414 specie,

206 2430 243 2457 et
274 2435 344 2469 per
378 2435 626 2471 consequens
660 2422 747 2470 pari
782 2423 1000 2469 evidencia‚
1034 2436 1113 2471 qua
1146 2437 1225 2460 una
1258 2437 1350 2472 pars
1382 2433 1515 2471 ageret

204 2492 315 2515 suam
361 2480 533 2527 speciem
578 2480 616 2515 in
661 2481 792 2527 oculo,
840 2489 875 2516 et
915 2480 1089 2529 quelibet
1128 2493 1228 2530 eque
1267 2481 1394 2518 activa
1433 2494 1513 2518 non

279 2651 327 2682 13.
357 2651 410 2691 Cf.
435 2652 538 2682 Arist.
566 2650 645 2682 Eth.
671 2652 744 2683 Nic.
763 2652 819 2692 VI,
846 2653 876 2683 X
904 2652 971 2693 [XI]
1001 2652 1082 2693 (Ed.
1111 2654 1195 2684 Par.
1225 2653 1263 2684 II
1289 2654 1342 2693 72,
1371 2654 1419 2684 42
1443 2655 1514 2694 ss.).

206 2695 258 2728 36.
288 2697 339 2738 Cf.
355 2697 549 2728 Vitellionis
568 2697 801 2729 Mathematici
822 2699 1011 2729 doctissimi
1037 2696 1119 2740 περὶ
1137 2695 1285 2740 ὀπτικῆς
1311 2699 1340 2738 3,
1358 2698 1402 2739 48
1422 2706 1454 2730 et
1470 2709 1515 2742 49

206 2742 288 2783 (Ed.
316 2743 537 2785 Norimberg.
567 2745 668 2783 1535,
687 2745 717 2783 f.
749 2744 845 2785 68¹).·
875 2745 1043 2775 “Nullum
1077 2746 1233 2776 visorum
1265 2745 1371 2777 simul
1403 2750 1513 2777 totum

187 2788 367 2821 videtur-¹*
393 2793 425 2820 et
454 2790 689 2831 “Impossibile
714 2795 764 2821 est
782 2791 892 2832 plura
920 2791 1025 2822 simul
1052 2792 1248 2833 aequaliter·
1275 2791 1422 2823 vider1'.'’

1719 184 1797 219 2¹7

1561 294 1627 321 The
1649 295 1717 322 idea
1737 297 1772 322 of

1526 329 1598 356 time
1613 330 1685 365 only
1699 338 1803 357 comes

1535 364 1564 390 in
1589 364 1793 400 secondarily.

1545 2025 1793 2053 Bradwardine's

1554 2061 1619 2087 first
1638 2061 1778 2096 example

1553 2095 1599 2130 (of
1616 2095 1665 2122 the
1686 2095 1778 2129 river)

1562 2129 1720 2164 defective,
1741 2138 1774 2157 as

1545 2165 1595 2192 the
1614 2173 1667 2200 eye
1687 2165 1791 2192 would

1528 2208 1577 2227 see
1597 2208 1689 2235 many
1710 2204 1804 2234 parm,

1598 2239 1651 2261 not
1670 2242 1739 2261 one.
