2056 3234
198 184 323 219 Quaest.
349 183 401 211 IV·
483 186 712 226 Quaestiones
737 187 869 228 logicae
895 192 928 218 et
952 186 1225 228 philosophicae.
1708 180 1784 215 253

196 293 314 328 habet
347 291 525 340 quietare
569 291 791 339 appetitum
832 293 1065 339 humanum,
1111 292 1212 329 sicut
1251 293 1304 338 id,
1343 293 1382 328 in
1421 307 1499 341 quo

196 348 426 385 finalissime
465 358 502 385 et
540 349 814 397 principaliter
853 351 968 386 debet
1007 350 1225 397 quiescere,
1272 350 1346 386 nisi
1380 351 1498 386 fuerit

194 406 358 442 ultimus
384 405 473 442 finis
496 406 743 454 simpliciter,
774 416 816 442 ut
839 416 947 454 patet
970 407 1102 455 primo
1127 417 1163 444 et
1185 412 1233 453 40
1249 407 1496 444 Ethicorum.

195 465 272 500 Sed
311 473 479 509 constat,
528 466 636 513 quod
674 464 797 500 nichil
836 474 893 501 est
932 464 1022 501 finis
1061 465 1226 501 ultimus
1265 465 1499 502 finalissime

163 524 232 558 Set
270 521 615 570 principalissime,
655 522 729 558 nisi
768 535 968 558 summum
1010 524 1158 559 bonum
1197 523 1411 570 infinitum,
1457 532 1499 558 ut

58 582 97 616 F.
117 583 179 616 188
194 588 302 627 patet
342 583 410 615 120
444 580 724 628 Metaphisice3
758 579 880 627 igitur
913 580 1118 616 conclusio
1150 593 1255 617 vera.
1285 577 1290 634 Ι

253 638 497 674 CONCLUslo
519 644 689 672 TERTIA:
726 639 862 685 Neque
884 637 1053 674 felicitas
1077 638 1209 686 primo
1234 639 1354 674 modo
1380 638 1498 684 dicta,
1520 644 1570 683 Ill.
1590 644 1718 672 Neither
1737 645 1787 672 the

193 706 322 743 neque
366 694 532 730 felicitas
575 696 751 731 secundo
796 697 916 731 modo
956 695 1060 731 dicta
1100 696 1258 732 racione
1298 704 1334 732 et
1373 680 1786 742 racio-nrstlpiggsgpond

194 752 379 789 nabiliter
394 752 477 788 sine
503 765 635 789 errore
654 753 772 789 habet
795 753 970 790 totaliter
994 753 1258 801 capacitatem
1276 753 1499 790 intellectus
1526 747 1770 810 laeffiilssesstffig

141 809 359 847 xohumani
403 810 567 847 saciare.
621 813 827 856 Probatur,
882 811 976 859 quia
1020 820 1102 847 tam
1148 811 1316 847 felicitas
1369 812 1498 859 primo
1558 819 1607 844 the
1627 791 1742 857 liuman

194 870 315 904 modo
357 868 462 904 dicta
502 882 621 916 quam
664 868 790 904 eciam
829 868 997 904 felicitas
1030 870 1206 905 secundo
1240 870 1359 905 modo
1393 869 1499 906 dicta
1602 853 1698 880 mind.

194 935 251 962 est
283 927 432 962 bonum
466 926 642 972 finitum;
676 925 797 974 igitur
826 926 1031 963 conclusio
1056 939 1161 963 vera.
1196 927 1499 975 Consequencia

193 993 302 1032 patet
341 996 384 1020 ex
422 984 677 1020 conclusione
716 983 948 1020 immediate
987 986 1238 1032 precedente,
1284 986 1352 1020 sed
1391 994 1499 1021 ante-

194 1043 337 1078 cedens
370 1050 480 1089 patet
514 1054 557 1078 ex
589 1041 757 1078 notabili
790 1041 921 1089 primo
953 1042 1135 1090 superius
1167 1042 1313 1090 posito.

140 1104 176 1136 15
251 1101 494 1136 CONCLUslo
522 1106 696 1141 QUARTA
724 1108 761 1135 et
791 1099 950 1135 ultima:
976 1099 1157 1136 Felicitas
1181 1100 1353 1136 hominis
1376 1100 1499 1136 tercio
1548 1094 1627 1156 ἔὲῑιζὲ
1646 1096 1758 1157 {antffess

194 1159 315 1193 modo
355 1156 460 1193 dicta
499 1156 760 1204 capacitatem
795 1156 1019 1193 intellectus
1053 1157 1218 1194 humani
1252 1157 1428 1194 totaliter
1461 1167 1498 1194 et
1535 1164 1615 1191 third
1639 1139 1711 1204 [alm
1732 1165 1766 1191 of

192 1215 308 1262 plene
341 1216 459 1250 habet
491 1215 656 1251 saciare.
697 1216 893 1251 Probatur
924 1215 1000 1251 ista
1038 1215 1253 1263 conclusio,
1289 1215 1382 1264 quia
1414 1215 1498 1251 feli-
1559 1200 1739 1234 happiness.

193 1272 290 1308 citas
323 1272 447 1308 tercio
481 1274 602 1309 modo
627 1272 732 1309 dicta
763 1281 819 1308 est
848 1285 1051 1308 summum
1083 1275 1232 1309 bonum
1256 1273 1296 1309 in
1321 1273 1497 1310 bonitate

192 1329 407 1376 infinitum,
440 1339 483 1366 ut
516 1338 624 1378 patet
658 1343 701 1366 ex
732 1329 855 1366 tercia
889 1340 1002 1378 parte
1034 1331 1222 1367 notabilis
1255 1331 1387 1379 primi,
1428 1332 1496 1367 sed

137 1404 178 1424 20
192 1388 270 1424 tale
315 1389 464 1424 bonum
510 1388 711 1424 infinitum
763 1388 1029 1436 capacitatem
1081 1389 1281 1436 appetitus
1332 1389 1496 1425 humani

192 1445 369 1482 totaliter
402 1447 520 1482 habet
552 1446 716 1491 saciare,
757 1455 799 1481 ut
832 1455 941 1494 patet
974 1458 1045 1494 per
1076 1446 1253 1482 notabile
1287 1455 1495 1495 quartum:

191 1502 312 1550 igitur
357 1503 559 1540 conclusio
606 1516 709 1540 vera.
764 1504 1066 1552 Consequencia
1118 1513 1213 1540 nota
1264 1514 1321 1541 est
1365 1506 1413 1540 de
1457 1517 1497 1540 se

191 1560 424 1608 significatis
458 1570 494 1598 et
526 1562 764 1598 antecedens
790 1589 1036 1600 ........
1040 1610 1045 1614 Ἴ
1063 1590 1203 1598 .....

249 1618 398 1655 Ultimo
428 1619 618 1668 sequitur,
650 1621 757 1668 quod
780 1619 935 1667 questio
965 1629 1007 1656 ut
1030 1620 1281 1667 proponitur,
1313 1628 1369 1656 est
1391 1632 1495 1666 vera,

135 1681 174 1714 25
192 1685 229 1712 et
261 1685 417 1712 tantum
453 1677 502 1713 sit
535 1677 699 1714 dictum.

261 1839 305 1859 20.
333 1833 496 1867 appetitus]
519 1833 585 1860 cod.
607 1833 637 1860 in
658 1825 879 1861 contextuitff
890 1837 919 1861 et
938 1834 968 1860 in
988 1833 1134 1869 margine
1159 1834 1325 1868 appetitus.
1352 1833 1498 1861 Fortasse

191 1867 281 1894 etiam
301 1875 396 1902 supra
416 1868 571 1902 appetitus
586 1876 647 1903 pro
668 1868 839 1895 intellectus
859 1868 1035 1903 legendum.

261 1964 290 1995 3.
320 1963 372 2004 Cf.
407 1964 544 1995 Aristot.
571 1963 648 1995 Eth.
676 1963 747 1994 Nic.
774 1963 784 1994 Ι
817 1974 855 1994 1o
882 1963 963 2004 [11],
996 1963 1032 1994 15
1060 1965 1154 2003 (loco
1180 1973 1288 2004 supra
1313 1963 1440 2003 allato)
1466 1969 1497 1994 et

190 2008 245 2048 lV,
274 2010 294 2042 3⁴
320 2009 365 2051 [7]
398 2020 435 2051 17
467 2010 553 2050 (Ed.
581 2011 662 2041 Par.
692 2010 732 2040 II
751 2011 811 2048 45,
841 2011 889 2050 l):
926 2007 1056 2051 ἀρετῆς
1091 2007 1157 2051 γὰρ
1195 2009 1394 2045 παντελοῦς
1432 2006 1497 2040 οὐκ

189 2051 235 2085 ἂν
258 2053 398 2096 γένοιτο
425 2053 510 2094 ἀξία
535 2054 630 2097 τιμή.
725 2055 757 2087 6.
787 2057 839 2098 Cf.
866 2057 1006 2087 Aristot.
1026 2056 1176 2097 Metaph.
1195 2056 1238 2086 XI
1266 2056 1318 2094 (ln
1346 2055 1496 2096 antiquis

189 2101 267 2131 edd.
286 2102 358 2141 Xll)
379 2112 409 2143 7,
428 2112 448 2144 o
467 2103 550 2142 (Ed.
572 2103 654 2133 Par.
675 2102 714 2132 II
730 2104 816 2139 606,
838 2103 894 2141 2).-
918 2101 1027 2133 ‘'Oooa
1052 2100 1091 2133 δὲ
1120 2099 1415 2144 ὑπολαμβάνουσι
1434 2125 1440 2131 .
1462 2125 1468 2130 .
1489 2125 1495 2131 .

189 2144 229 2177 τὸ
255 2146 441 2179 κάλλιστον
458 2145 518 2179 καὶ
536 2146 685 2190 ἄριστον
701 2145 749 2190 μὴ
767 2144 806 2179 ἐν
823 2145 912 2190 ἀρχῇ
931 2142 1022 2179 εἶναι
1040 2172 1047 2178 .
1068 2173 1075 2179 .
1094 2173 1101 2179 .
1120 2146 1185 2179 οὐκ
1204 2145 1329 2190 ὀρθῶς
1346 2145 1495 2178 οἴονται.
