2056 3234
277 160 354 196 232
1060 166 1228 198 ,Iohannis
1254 167 1376 199 Wiclif
1701 166 1828 200 Quaest.
1849 167 1870 193 l.

274 283 340 311 The
361 284 456 319 priest
474 284 548 311 does
621 274 941 309 CORROLARIUM:
977 274 1172 310 Sacerdos
1205 273 1245 309 in
1279 273 1456 309 misterio
1483 274 1872 310 transsubstancians

284 318 539 381 ssffivcffiaffilffset
565 339 601 366 et
646 339 881 367 convertens
926 343 1071 378 panem
1116 331 1156 367 in
1195 343 1338 378 corpus
1378 330 1510 376 Cristi,
1555 344 1636 367 non
1674 340 1780 367 creat
1818 331 1871 367 ibi

324 385 504 450 sgigatrffim
565 401 709 435 corpus
754 388 892 433 Cristi3
938 397 1047 436 patet
1092 401 1135 424 ex
1179 388 1436 425 conclusione
1480 397 1518 424 et
1561 389 1648 436 plus
1693 401 1737 424 ex
1780 389 1872 425 fidei

305 462 411 495 except
432 458 461 484 in
483 465 520 484 an
563 445 743 483 veritate.
778 447 1107 494 Verumptamen,
1148 446 1241 493 quia
1279 447 1465 482 sacerdos
1500 446 1769 482 misterialiter
1804 459 1874 494 per

276 493 433 527 eqmvocal
451 500 549 519 sense.
567 503 868 539 conversionem
901 504 1212 540 substancialem
1236 503 1351 551 panis
1373 503 1413 539 in
1437 517 1582 551 corpus
1605 504 1737 549 Cristi,
1770 517 1873 552 pane

566 561 745 597 totaliter
785 570 821 597 et
860 562 976 609 plene
1010 570 1190 598 cessante
1225 561 1391 597 existere
1423 561 1518 598 facit
1551 562 1602 598 ibi
1638 563 1709 597 sub
1742 562 1873 609 specie

564 619 709 655 visibili
749 631 832 655 esse
873 633 1019 667 corpus
1053 619 1171 656 Cristi
1203 620 1422 656 secundum
1456 633 1569 656 suam
1603 620 1872 656 substanciam

567 677 739 722 realiter,
779 678 975 714 veraciter
1009 686 1045 714 et
1079 677 1380 725 presencialiter
1412 690 1455 713 ex
1487 678 1597 713 nulla
1630 678 1872 723 substancia,

565 735 625 770 vel
658 736 705 770 de
738 735 873 783 aliquo
907 735 1086 772 subiecto
1124 737 1300 783 quodam
1334 748 1476 783 genere
1508 735 1741 780 locucionis,
1782 735 1873 772 licet

566 792 756 840 equivoce
789 802 826 829 et
858 793 1092 841 improprie,
1133 793 1278 829 dicitur
1311 806 1445 829 creare
1486 806 1630 841 corpus
1664 792 1795 839 Cristi,
1836 803 1872 830 et

566 859 855 898 consequenter
899 851 989 887 talis
1034 851 1262 887 misterialis
1306 851 1445 895 saccio,
1492 852 1711 887 secundum
1751 863 1871 898 quam

564 908 657 944 facit
690 908 742 944 ibi
766 921 885 945 omne
909 921 1054 956 corpus
1078 909 1197 945 Cristi
1220 910 1439 945 secundum
1463 922 1575 945 suam
1599 908 1870 945 substanciam

565 978 636 1013 per
668 967 972 1003 conversionem
1007 967 1317 1003 substancialem
1351 980 1432 1003 non
1455 979 1498 1003 ex
1522 967 1656 1015 aliquo
1680 967 1873 1013 subiecto,

564 1036 636 1059 nec
675 1037 718 1060 ex
757 1024 891 1072 aliqua
930 1025 1172 1070 substancia,
1212 1025 1305 1061 licet
1344 1025 1535 1073 equivoce
1569 1034 1606 1061 et
1638 1024 1872 1073 improprie.

565 1081 773 1118 Subtiliter
796 1091 932 1118 tamen
948 1082 1092 1119 dicitur
1108 1085 1284 1131 quodam
1300 1095 1443 1131 genere
1458 1082 1692 1128 locucionis,
1717 1083 1873 1120 creacio

565 1148 601 1176 et
641 1140 897 1176 consecracio
938 1141 1118 1188 corporis
1152 1140 1289 1186 Cristi3
1330 1153 1409 1177 non
1448 1150 1584 1177 tamen
1622 1140 1689 1177 illa
1722 1141 1874 1189 impro-

563 1197 711 1245 prietas
752 1207 808 1234 est
848 1197 1079 1246 amplianda
1119 1207 1156 1235 et
1192 1200 1294 1246 wigo
1334 1199 1625 1243 denuncianda,
1666 1211 1755 1235 cum
1795 1212 1874 1235 non

564 1264 695 1303 potest
735 1256 825 1292 talis
865 1256 1020 1292 creacio
1061 1257 1269 1293 declarari.
1315 1259 1362 1292 Et
1402 1256 1456 1293 ita
1494 1256 1742 1304 intelligendi
1781 1266 1871 1293 sunt

563 1314 762 1360 doctores,
779 1313 1022 1362 ubicumque
1036 1315 1236 1361 locuntur,
1253 1316 1480 1351 sacerdotes
1499 1316 1712 1351 asserendo
1737 1327 1872 1351 creare

564 1383 710 1419 corpus
743 1371 862 1408 Cristi
895 1381 968 1408 etc.

632 1536 670 1567 ¹7.-
695 1528 789 1556 Cod.:
808 1528 1049 1556 denunccianda.
1124 1537 1169 1556 20.
1192 1528 1264 1557 Post
1282 1534 1337 1556 etc.
1360 1529 1476 1566 legitur
1490 1530 1520 1556 in
1536 1529 1624 1557 cod..·
1644 1529 1687 1558 Sti
1709 1536 1773 1565 pacz
1794 1531 1872 1563 (Ste-

564 1563 658 1597 phani
681 1563 783 1590 l'alecz
794 1566 833 1597 Ρ).

1892 808 1931 828 10

1895 1085 1929 1116 15

1890 1383 1931 1404 20
