2056 3234
64 433 101 464 F.
123 431 197 475 193¹

158 839 196 860 10

160 1130 164 1149 ι
178 1118 193 1149 5

153 1417 194 1439 20

151 1695 189 1727 25

149 1984 190 2015 30

146 2272 185 2305 35

213 202 301 229 CAP-
322 202 358 229 Il·
547 206 604 236 DE
633 206 753 237 ENTE
782 205 1200 237 PREDICAMENTALI.

216 311 439 350 convenire.
482 312 694 356 Quoddam
730 310 833 347 enim
869 319 926 347 est
960 310 1197 359 equivocum
1233 311 1315 347 sine
1349 311 1519 358 analoga

215 369 498 406 conveniencia
536 368 865 416 equivocatorum
900 368 939 404 in
971 368 1039 404 illo
1080 369 1287 417 equivoco,
1327 377 1368 404 ut
1409 381 1520 405 casu-

214 427 328 463 aliter
359 435 523 463 vocatur
551 422 555 479 Ι
585 439 685 462 unus
724 427 844 462 homo
884 426 1047 474 propria
1087 425 1369 462 nominacione
1401 426 1519 471 Felix,

215 493 251 520 et
275 485 388 530 alius,
423 484 516 533 quia
549 486 702 529 beatus,
738 483 885 520 dicitur
917 483 1026 530 felix3
1060 496 1133 520 nec
1167 492 1224 520 est
1257 483 1394 532 aliqua
1427 496 1521 520 ana-

214 542 320 590 logia
351 542 412 578 vel
446 554 659 578 commune
693 541 855 590 proprie
888 540 1128 578 intencionis
1162 541 1400 578 conveniens
1430 541 1520 585 illis,

214 601 433 636 secundum
480 601 586 648 quod
631 608 799 648 uterque
844 598 990 635 dicitur
1034 598 1136 645 felix,
1182 607 1219 635 et
1258 599 1390 635 taliter
1429 611 1522 647 sepe

215 657 409 705 contingit
442 657 482 693 in
513 657 746 693 nominibus
780 656 966 705 propriis.

1764 210 1808 244 Ῐ7

272 716 503 752 Notandum
550 724 698 761 tamen,
746 715 854 763 quod
899 715 1025 751 multa
1069 722 1262 763 putantur
1307 713 1522 751 casualiter
1554 721 1736 748 Discussion
1758 729 1797 749 on

214 772 434 818 nominata,
459 772 526 808 ubi
549 781 685 809 tamen
708 781 766 809 est
790 773 963 821 quedam
988 772 1272 809 conveniencia
1302 771 1405 808 inter
1436 780 1518 808 rem

216 830 465 867 nominatam
499 838 567 866 aut
596 830 678 866 eius
714 830 1003 878 proprietatem
1040 842 1085 866 ac
1120 830 1252 878 ipsum
1282 842 1444 875 nomen,
1478 838 1521 865 ut

213 888 378 924 nomina
411 888 662 937 requirencia
695 887 999 936 apposicionem
1023 887 1132 924 nisus
1156 889 1206 924 ad
1229 887 1288 924 sui
1322 887 1521 935 prolacio-

212 958 302 982 nem
324 947 384 983 vel
407 946 683 982 difficultatem
708 945 911 982 dissonam
934 945 1199 993 imponuntur
1221 946 1271 981 ad
1293 944 1521 993 significan—

213 1005 306 1039 dum
330 1016 392 1040 res
414 1003 618 1052 vigorosas
640 1004 700 1040 vel
724 1005 855 1049 rudes,
889 1011 931 1039 ut
954 1016 1108 1050 umum,
1141 1003 1312 1048 vibrare,
1347 1003 1519 1048 labrum,

213 1074 278 1097 rus
312 1070 385 1098 etc.
419 1061 509 1098 Alia
532 1070 667 1098 autem
690 1060 869 1106 nomina,
903 1060 1095 1109 imposita
1128 1062 1178 1097 ad
1211 1060 1519 1108 significandum

212 1131 272 1155 res
296 1119 496 1156 contrarie
520 1118 815 1167 disposicionis,
849 1127 939 1155 sunt
963 1118 1058 1156 levis
1081 1117 1341 1167 prolacionis,
1375 1126 1418 1154 ut
1452 1131 1520 1154 an-

211 1177 352 1224 gwilla,
386 1177 550 1223 labium,
581 1178 686 1224 lana,
711 1177 790 1213 mel
813 1185 886 1215 etc.
918 1177 1104 1222 Infantes,
1128 1176 1354 1213 inhibentes
1377 1188 1519 1212 nervos

214 1236 353 1271 molles
397 1235 587 1271 flexibiles
633 1243 776 1271 sonant
815 1235 827 1270 l
865 1247 939 1283 pro
978 1248 1015 1281 r;
1061 1243 1098 1271 et
1138 1234 1194 1271 sic
1233 1235 1365 1279 credo,
1411 1235 1520 1282 quod

211 1306 433 1341 numquam
468 1292 541 1329 fuit
572 1305 721 1329 nomen
754 1291 1004 1341 primitivum
1039 1304 1082 1329 ex
1117 1304 1225 1329 mere
1247 1291 1519 1328 indifferentia

210 1352 270 1386 vel
294 1363 388 1387 casu
412 1350 667 1399 impositum3
692 1351 760 1386 sed
783 1350 886 1387 sicut
910 1349 1156 1387 confricacio
1181 1351 1316 1395 barbe,
1343 1349 1518 1386 elevacio

212 1408 416 1445 straminis
450 1417 487 1444 et
521 1408 642 1445 ceteri
675 1416 787 1445 actus
818 1408 951 1445 vocati
990 1408 1169 1444 casuales
1209 1407 1308 1443 fiunt
1342 1419 1386 1443 ex
1418 1419 1516 1455 quo-

210 1467 302 1502 dam
353 1466 506 1502 intento
559 1466 725 1502 confuso
777 1465 960 1511 fantasie,
1012 1465 1067 1502 sic
1122 1465 1254 1502 omnis
1305 1464 1519 1513 imposicio

210 1523 385 1560 nominis
416 1523 459 1560 fit
482 1535 525 1560 ex
557 1523 969 1572 predeterminatione
1001 1522 1176 1560 racionis
1208 1523 1269 1559 vel
1302 1522 1519 1559 influencia

210 1581 283 1618 celi
315 1580 538 1619 limitantis.
581 1582 719 1618 Celum
762 1581 866 1617 enim
905 1580 1033 1618 variat
1071 1581 1233 1629 lingwas
1272 1592 1354 1616 non
1387 1581 1517 1616 solum

209 1639 249 1675 in
281 1639 447 1676 diversis
487 1639 729 1685 climatibus,
771 1640 841 1676 sed
872 1639 912 1676 in
947 1640 1089 1675 eodem
1131 1638 1291 1675 climate
1330 1637 1433 1674 infra
1469 1637 1518 1674 30

207 1697 354 1743 leucas,
395 1705 432 1734 et
477 1697 730 1734 differencius
774 1698 995 1734 secundum
1041 1696 1293 1733 latitudinem
1330 1695 1516 1741 climatis,

210 1767 285 1803 que
308 1756 396 1803 plus
420 1754 582 1803 respicit
606 1754 878 1792 vai-iacionem
902 1754 1100 1792 caumatis
1124 1762 1161 1791 et
1184 1753 1357 1802 frigoris,
1393 1766 1517 1802 quan-

206 1822 291 1848 tum
331 1814 379 1849 ad
420 1813 548 1850 celum
590 1813 745 1859 attinet,
793 1826 913 1861 quam
958 1813 1178 1849 secundum
1223 1811 1516 1859 longitudinem

207 1870 393 1916 climatis,
446 1879 612 1919 propter
663 1870 860 1907 minorem
905 1870 1209 1906 difformitatem
1257 1868 1412 1906 celestis
1458 1868 1515 1904 in-

206 1928 375 1965 fluencie
408 1929 627 1965 secundum
662 1928 913 1965 latitudinem
951 1927 1104 1974 mundi,
1138 1940 1259 1976 quam
1293 1927 1515 1963 secundum

205 1986 513 2034 longitudinem.
568 1986 773 2034 Contingit
824 1995 958 2022 autem
1009 1985 1139 2022 eidem
1185 1984 1240 2021 rei
1292 1986 1513 2021 secundum

206 2043 381 2082 diversas
420 2044 689 2093 proprietates
729 2044 885 2081 diversa
924 2043 1091 2081 nomina
1129 2042 1298 2091 imponi,
1337 2051 1380 2078 ut
1412 2042 1514 2091 lapis

204 2104 423 2138 secundum
463 2102 681 2148 racionem,
715 2115 793 2151 qua
831 2101 928 2138 ledit
966 2103 1110 2150 pedem
1150 2100 1290 2146 active,
1329 2100 1513 2137 nomina-

203 2167 267 2195 tur
298 2160 534 2208 vigorosius,
567 2169 610 2196 ut
643 2161 857 2206 masculus,
898 2168 935 2196 et
967 2168 1080 2208 petra
1113 2160 1185 2195 sub
1213 2157 1394 2205 racione,
1435 2171 1513 2206 qua

202 2217 358 2265 passive
381 2227 439 2255 est
471 2219 572 2267 pede
604 2218 711 2265 trita,
745 2217 978 2254 nominatur
1010 2217 1161 2263 leviter,
1194 2225 1237 2253 ut
1270 2216 1442 2263 femella,
1476 2224 1513 2252 et

202 2276 301 2312 tales
340 2285 431 2312 sunt
470 2275 653 2313 raciones
685 2298 744 2303 —
774 2276 805 2312 si
844 2275 934 2324 quis
974 2282 1234 2323 cognosceret
1265 2296 1321 2300 ——
1353 2273 1393 2309 in
1426 2286 1512 2310 om-

201 2333 317 2370 nibus
354 2334 585 2370 nominibus
623 2333 854 2382 primitivis;
900 2333 976 2370 ista
1014 2342 1150 2370 tamen
1189 2345 1270 2369 non
1307 2340 1400 2368 sunt
1431 2340 1513 2368 tra-

181 2392 332 2427 >henda
365 2391 405 2428 in
438 2392 790 2441 consequenciam,
830 2404 903 2428 nec
943 2391 1186 2440 disputanda
1219 2402 1290 2438 per
1321 2390 1455 2426 locum
1489 2402 1512 2425 a

200 2449 334 2495 simili,
368 2450 470 2487 sicut
498 2463 570 2487 nec
595 2450 671 2487 alie
704 2450 986 2486 ordinaciones
1020 2448 1230 2486 hominum
1262 2448 1323 2484 vel
1354 2456 1511 2484 nature.

200 2506 332 2543 Nichil
369 2516 504 2544 tamen
537 2517 594 2545 est
626 2508 872 2554 ordinatum,
913 2507 1021 2556 quin,
1062 2506 1094 2543 si
1128 2506 1216 2555 quis
1248 2514 1384 2553 posset
1423 2517 1512 2553 per-

1199 2667 1233 2675 Α

268 2697 288 2716 1.
313 2689 406 2716 Cod.:
428 2679 462 2715 fr?
479 2687 601 2716 sbanam³¹
621 2688 707 2724 9'cia.
806 2696 831 2723 2,
853 2686 877 2715 3.
898 2688 1069 2721 casualiter]
1090 2686 1156 2715 cod.
1167 2696 1177 2713 :
1198 2679 1270 2714 (ΞΝ
1284 2698 1317 2711 =
1336 2685 1508 2714 causaliter.

199 2753 233 2773 11.
263 2745 359 2774 Cod.:
386 2739 494 2782 9513m,
514 2754 534 2783 9
554 2747 637 2774 linea
657 2745 787 2774 obducta
807 2746 837 2772 in
858 2753 875 2772 a
894 2748 1075 2773 correctum.
1194 2744 1236 2773 25.
1260 2744 1355 2773 Cod.:
1382 2724 1508 2778 ἀιῖῗῖεἰῳ

197 2791 285 2820 cod.:
305 2792 475 2820 latitudine.
531 2791 572 2819 32.
596 2792 689 2820 Cod.:
712 2789 778 2820 rssffi
799 2783 875 2819 acii}
896 2798 946 2827 qm.
1009 2790 1052 2819 33.
1073 2791 1258 2827 vigorosius]
1280 2790 1364 2818 cod.:
1386 2791 1508 2825 leviter;

198 2825 244 2859 34.
267 2828 379 2861 leviter]
401 2828 468 2855 cod.
480 2836 489 2853 :
516 2828 701 2862 vigorosius.

1351 2884 1369 2906 2

1561 761 1792 791 ΟΠΟΠἹΗῘΟΡΕΕΗ.
