2056 3234
235 182 359 217 Quaest.
381 182 415 209 11.
515 184 744 222 Quaestiones
770 184 903 224 logicae
932 190 963 214 et
989 182 1262 225 philosophicae.

236 289 379 325 tercius
417 290 562 336 gradus
602 288 762 324 unionis
803 297 838 324 et
870 288 1030 335 obiecti,
1071 290 1291 325 secundum
1325 302 1442 338 quem
1479 303 1539 326 res

235 346 549 395 apprehenditur
594 346 957 394 proporcionaliter
1001 359 1070 394 per
1110 346 1298 383 unionem
1340 356 1451 383 actus
1491 349 1540 383 ad

235 404 518 441 substanciam.

291 462 380 498 Alia
432 470 488 497 est
541 461 685 497 veritas
739 460 1080 508 composicionem
1126 470 1163 497 et
1203 461 1440 498 divisionem
1481 464 1541 498 vel

204 524 367 556 5actum
411 518 762 567 proporcionalem
808 531 1055 566 consequens
1100 528 1137 555 et
1181 520 1458 565 denominans,
1506 529 1542 556 ct

183 822 220 842 Io

88 1096 218 1129 F.181⁴

179 1396 221 1417 20

234 578 301 614 illa
344 577 490 613 veritas
534 589 614 612 non
659 585 715 612 est
760 589 820 612 res
866 576 982 612 realis
1025 589 1098 612 nec
1145 586 1201 612 est
1246 589 1306 613 res
1352 578 1540 624 racionis,

234 635 507 682 independens
564 647 585 670 a
643 633 942 681 composicione
995 643 1031 670 et
1083 634 1277 670 divisione
1329 647 1397 671 seu
1450 644 1541 671 actu

235 691 548 740 proposcionali,
573 692 639 727 sed
655 700 821 727 vocatur
844 703 903 727 res
927 693 1144 728 secundum
1169 692 1344 728 animam
1370 701 1541 743 tantum,

235 750 474 786 fabricatum
509 762 579 797 per
611 758 743 786 actum
779 749 924 795 anime,
967 749 1035 797 qui
1069 750 1228 797 quidem
1265 759 1375 786 actus
1409 751 1542 786 anime

235 821 314 844 non
360 816 416 844 est
459 819 530 855 per
573 819 613 843 se
659 807 790 855 primo
835 808 884 842 ab
933 807 1150 843 intrinseco
1195 808 1363 844 alicuius
1401 818 1542 844 nature

236 865 351 901 realis
366 866 426 901 vel
444 865 551 900 modi
568 864 722 900 essendi
747 864 877 910 realis,
904 877 993 900 cum
1018 865 1241 901 intellectus
1261 868 1542 914 componendo

236 932 272 960 et
316 923 529 959 dividendo
573 923 633 958 vel
678 931 785 958 extra
831 934 870 958 se
909 922 1001 969 agit,
1046 922 1190 959 scilicit
1229 923 1542 972 derelinquendo

234 981 396 1029 aliquod
425 989 557 1016 actum
582 980 643 1016 vel
665 980 815 1016 factum
846 981 1009 1016 adextra
1039 990 1076 1017 et
1099 993 1193 1028 ergo
1217 990 1253 1017 et
1277 994 1344 1017 ens
1368 981 1542 1018 racionis

234 1039 313 1075 sive
345 1038 488 1074 anime.

293 1096 378 1132 Istis
411 1095 542 1131 debite
576 1095 752 1142 pensatis
785 1104 919 1142 posset
952 1095 1064 1131 reddi
1098 1108 1231 1141 causa,
1261 1093 1265 1148 Ι
1295 1109 1418 1144 quare
1451 1109 1541 1132 cum

236 1156 376 1190 Petrus
409 1153 514 1190 dicat
547 1153 602 1189 sic
635 1165 731 1199 esse,
766 1161 802 1189 et
836 1153 982 1189 Paulus
1015 1153 1069 1189 sic
1104 1166 1200 1205 esse,
1235 1163 1305 1199 est,
1341 1163 1377 1190 et
1410 1155 1542 1190 nullus

236 1224 374 1247 eorum
415 1212 502 1259 plus
541 1210 635 1247 dicit
667 1224 787 1258 quam
828 1211 940 1256 alter,
982 1223 1041 1256 eo,
1075 1213 1182 1259 quod
1216 1211 1412 1259 quidquid
1446 1212 1543 1248 dicit

235 1282 338 1305 unus
376 1281 446 1317 per
485 1281 597 1304 suam
635 1268 856 1304 dicenciam
890 1281 912 1304 a
944 1278 1057 1316 parte
1090 1269 1160 1315 rei,
1206 1270 1280 1306 hoc
1320 1279 1389 1315 est,
1436 1270 1541 1305 idem

236 1336 274 1363 et
312 1339 391 1362 non
431 1326 540 1363 aliud
578 1325 673 1362 dicit
712 1328 930 1372 secundus3
975 1335 1012 1362 et
1052 1335 1188 1363 tamen
1220 1336 1302 1363 tam
1343 1327 1541 1375 sapientes

237 1397 357 1433 quam
410 1383 643 1431 insipientes
696 1383 903 1420 audientes
955 1396 1021 1420 eos
1065 1383 1122 1421 sic
1166 1384 1311 1431 dicere,
1366 1385 1543 1421 dicerent

238 1443 403 1478 Paulum
437 1441 579 1477 dixisse
610 1454 763 1487 verum,
797 1443 959 1477 Petrum
983 1454 1076 1479 vero
1099 1454 1228 1490 neque
1250 1455 1386 1479 verum
1411 1455 1540 1491 neque

236 1501 379 1536 falsum
404 1499 558 1535 dixisse.
594 1499 657 1535 Sic
687 1511 780 1547 ergo
802 1512 939 1535 verum
963 1500 1023 1535 vel
1045 1500 1190 1536 veritas
1220 1510 1277 1537 est
1299 1501 1339 1537 in
1364 1501 1543 1537 dicencia

237 1557 361 1603 Pauli,
389 1557 560 1605 qualiter
592 1569 673 1593 non
706 1566 762 1593 est
794 1557 834 1593 in
867 1557 1047 1594 dicencia
1080 1558 1198 1594 Petri.
1233 1561 1280 1594 Et
1313 1558 1543 1595 huiusmodi

235 1615 379 1652 veritas
403 1624 459 1651 est
481 1616 653 1663 quedam
676 1614 846 1662 positiva
870 1615 1064 1651 habitudo
1097 1618 1317 1652 secundum
1350 1617 1541 1662 animam,

237 1674 456 1709 secundum
491 1686 611 1721 quam
652 1672 927 1709 habitudinem
962 1673 1090 1709 diccio
1130 1674 1450 1721 proporcionalis
1482 1675 1543 1710 vel

237 1731 393 1778 signum
432 1730 740 1778 proporcionale
780 1730 926 1766 dicitur
965 1732 1111 1767 habere
1150 1731 1417 1779 significatum
1464 1732 1543 1779 pri-

237 1788 405 1824 marium
453 1787 527 1824 sibi
567 1789 895 1836 correspondens,
940 1789 1082 1825 falsum
1123 1798 1257 1825 autem
1296 1790 1357 1826 vel
1393 1790 1543 1826 falsitas

237 1845 424 1894 opposita
456 1845 602 1882 dicitur
634 1845 827 1893 privativa
860 1846 1053 1882 habitudo
1092 1848 1312 1883 secundum
1351 1848 1542 1892 animam,

237 1917 315 1951 qua
348 1903 634 1939 denominatur
656 1903 886 1951 proposicio
919 1916 1054 1940 carere
1084 1904 1310 1952 significato
1334 1905 1540 1953 primario.

296 1963 480 1997 Secundo
532 1969 641 2007 noto,
695 1962 804 2009 quod
857 1962 999 2010 duplex
1053 1971 1109 1998 est
1161 1963 1309 1999 forma:
1370 1964 1542 2011 quedam

237 2010 452 2055 intrinseca
475 2018 514 2054 in
539 2031 578 2054 re
601 2018 686 2066 ipsa
717 2018 953 2065 subiectata,
987 2019 1064 2055 alia
1098 2020 1330 2066 extrinseca,
1365 2033 1441 2069 que
1464 2034 1544 2056 non

237 2076 293 2112 sic
317 2076 354 2112 in
379 2088 420 2112 re
443 2076 529 2124 ipsa
553 2076 812 2123 subiectatur,
845 2078 913 2112 sed
945 2078 993 2113 ab
1023 2077 1243 2114 extrinseco
1266 2078 1545 2126 exemplariter

239 2146 325 2170 eam
366 2134 619 2180 denominat3
664 2136 857 2182 probatur
896 2134 964 2171 sic.
1010 2135 1122 2171 Sicut
1169 2135 1271 2171 enim
1318 2137 1544 2183 producens

239 2200 296 2227 est
335 2193 478 2239 duplex
511 2193 730 2240 quoddam,
776 2192 887 2228 cuius
927 2192 1070 2229 entitas
1115 2202 1183 2229 aut
1214 2193 1372 2241 penitus
1406 2195 1545 2230 eadem

239 2257 306 2285 aut
329 2249 534 2286 simillima
558 2258 614 2285 est
630 2258 666 2285 et
687 2250 946 2298 producentis
971 2259 1006 2285 et
1026 2250 1231 2298 producti3
1257 2260 1293 2287 et
1316 2251 1545 2299 philosophi

194 2341 197 2343 ,
239 2306 507 2343 communiter
552 2307 694 2351 sciunt,
739 2307 806 2343 ubi
854 2316 911 2343 est
956 2309 1096 2344 eadem
1143 2308 1286 2345 entitas
1324 2311 1545 2345 secundum

179 2554 223 2585 40

238 2365 410 2412 speciem
456 2365 713 2412 producentis
760 2374 796 2401 et
840 2365 1041 2412 producti.
1087 2366 1163 2402 Ubi
1208 2375 1342 2402 autem
1388 2366 1545 2414 penitus

240 2423 377 2457 eadem
413 2432 469 2458 est
502 2423 645 2458 entitas
678 2423 937 2470 producentis
967 2432 1003 2458 et
1027 2424 1227 2470 producti,
1260 2423 1390 2460 sciunt
1414 2424 1545 2460 dicere

238 2480 416 2526 theologi
455 2488 497 2515 ut
531 2480 746 2516 individuis
780 2489 853 2516 etc.
899 2480 1018 2516 Aliud
1058 2490 1115 2516 est
1154 2483 1390 2529 producens,
1434 2482 1543 2518 cuius

238 2549 319 2573 non
358 2536 412 2573 sic
452 2546 509 2573 est
542 2539 680 2573 eadem
717 2537 859 2574 entitas
893 2538 1164 2585 producentis,
1204 2548 1247 2574 ut
1281 2548 1390 2587 patet
1424 2541 1471 2575 de
1503 2552 1544 2575 re

239 2594 452 2630 artificiata
503 2597 701 2642 producta
753 2608 774 2631 a
828 2604 959 2631 mente
1003 2595 1185 2641 artifici83
1239 2606 1275 2633 et
1319 2598 1544 2644 producens

239 2651 370 2699 primo
403 2654 525 2688 modo
555 2652 713 2698 dicitur,
747 2666 769 2689 a
792 2665 871 2700 quo
905 2653 1163 2700 appropriate
1195 2666 1256 2690 res
1289 2655 1407 2690 habet
1439 2666 1543 2700 esse;

239 2710 413 2745 secundo
449 2711 569 2746 modo
600 2709 756 2753 dicitur,
791 2712 895 2745 unde
929 2711 1188 2758 appropriate
1221 2724 1281 2747 res
1306 2712 1423 2747 habet
1447 2724 1542 2748 esse.

307 2806 347 2836 35.
370 2808 535 2842 simillima]
558 2809 642 2836 cod.:
672 2808 740 2835 ssma.
815 2807 862 2844 39.
886 2808 979 2837 Cod..·
1006 2809 1099 2836 Aliud
1121 2817 1202 2852 tices.

1599 472 1699 499 There
1721 473 1746 499 is
1767 481 1781 498 a

1566 507 1704 534 dill'crent
1726 507 1819 541 truth,

1618 542 1717 568 which
1740 542 1766 568 is

1621 577 1761 611 persona]

1574 611 1752 645 depending
1774 618 1811 636 on

1584 646 1632 672 the
1652 646 1751 672 action
1774 645 1808 671 of

1610 681 1659 707 the
1681 681 1777 707 mind.

1565 1107 1652 1134 Thus
1673 1112 1734 1134 two
1756 1115 1823 1133 men

1567 1150 1636 1178 may
1658 1147 1755 1169 assei-t
1774 1142 1823 1167 the

1559 1185 1642 1204 same
1664 1176 1763 1210 thing,
1784 1180 1832 1211 yet

1564 1220 1621 1238 one
1643 1220 1712 1244 mav
1733 1212 1828 1246 speak

1576 1243 1736 1281 trulhfnlly
1756 1245 1815 1272 and

1576 1286 1629 1308 not
1648 1281 1699 1308 the
1719 1281 1815 1307 other.

1572 1972 1651 1999 Two
1673 1972 1762 1999 kinds
1783 1972 1818 1999 of

1650 2007 1742 2035 form.

1586 2042 1609 2069 I.
1624 2042 1727 2070 When
1749 2043 1799 2069 the

1569 2077 1725 2112 produced
1747 2077 1772 2104 is
1793 2076 1827 2103 of

1618 2112 1667 2138 the
1688 2120 1772 2138 same

1572 2154 1696 2173 essence
1716 2155 1749 2173 as
1768 2146 1819 2173 the

1617 2181 1780 2216 produces.

1566 2378 1601 2404 ΙΙ.
1626 2377 1740 2404 Where
1760 2377 1782 2404 it
1802 2377 1828 2403 is

1607 2412 1642 2439 of
1659 2412 1787 2439 another

1578 2454 1711 2477 esscnce,
1734 2454 1766 2473 as
1786 2446 1816 2473 in

1560 2482 1647 2508 work
1666 2481 1825 2508 sashioned

1561 2516 1599 2551 by
1619 2516 1668 2542 the
1690 2515 1775 2542 mind
1796 2517 1828 2542 ot

1588 2550 1637 2577 the
1659 2550 1799 2577 artifices.
