2056 3234
267 200 342 232 104
988 194 1211 225 JOHANNIS
1238 193 1406 227 WICLIF
1696 189 1784 217 CAP.
1806 190 1857 217 XI.

550 310 642 337 actu
676 300 878 347 distincto,
912 314 934 337 a
968 301 1104 349 priori,
1131 309 1167 337 et
1199 300 1255 337 sic
1279 302 1396 337 datur
1420 313 1491 348 pro
1516 300 1659 348 primo,
1694 312 1765 336 nec
1787 299 1860 336 fuit

550 358 717 407 primus.

268 423 293 452 3.
315 424 454 459 Nothing
473 431 529 450 can
608 418 657 453 Et
682 416 852 453 tercium
877 429 919 453 ex
943 418 1082 453 eadem
1108 416 1241 453 radice
1264 417 1446 464 patescit,
1473 429 1562 452 cum
1586 415 1710 451 nichil
1733 424 1863 463 potest

291 463 442 529 ἒξέεῗνῖζὲ
457 459 501 520 {itys
551 486 680 522 agere,
703 474 779 510 nisi
795 474 1026 522 recipiendo
1049 487 1161 510 suam
1187 473 1409 521 agenciam,
1435 482 1472 510 et
1496 486 1586 509 cum
1609 473 1676 510 illa
1699 473 1863 521 agencia

296 528 501 598 abcgliggyiggl‘}
552 533 602 569 sit
634 541 744 568 tante
778 532 1075 580 permanencie,
1110 532 1213 568 sicut
1235 531 1368 579 passio
1399 532 1459 568 vel
1489 540 1633 577 motus,
1668 530 1895 579 sequitur,5

337 598 460 625 moved.
552 591 659 638 quod
697 589 821 626 nichil
859 598 989 637 potest
1027 589 1204 638 recipere
1249 589 1469 638 agenciam,
1510 588 1598 635 nisi,
1632 588 1863 636 recipiendo

551 648 677 699 illam,
711 656 932 684 moveatur.

293 722 322 747 4
346 712 410 741 The
430 721 504 752 very
610 707 708 741 Item
754 705 1002 753 impossibile
1042 714 1099 742 est
1144 705 1296 753 aliquid
1337 717 1496 741 movere
1542 716 1582 740 se
1626 717 1697 752 per
1741 717 1781 740 se
1826 712 1863 740 et

293 748 449 787 reception
469 748 504 776 of
603 763 610 769 -
837 767 854 785 0
941 763 947 769 -
976 763 982 768 .
1280 762 1287 768 .
1572 761 1578 767 .
1785 762 1792 767 .

296 783 358 810 this
378 783 502 819 activity
552 776 695 811 primo,
730 775 773 799 ex
809 776 829 810 7
879 765 1143 809 Phisicorum,
1178 764 1246 799 sed
1278 772 1387 799 iuxta
1410 763 1513 798 hanc
1545 774 1650 799 vlam
1684 771 1864 810 sequitur

320 818 480 888 psslsggljfft}
551 821 805 869 oppositum;
847 833 940 869 ergo
979 821 1043 857 via
1084 820 1355 868 impossibilis
1395 820 1527 856 Minor
1559 828 1922 868 argumentaturm

552 879 625 915 sic:
658 881 760 915 Tam
795 891 914 915 causa
937 879 1081 926 prima,
1116 892 1235 927 quam
1261 880 1436 915 secunda
1465 886 1595 925 potest
1619 890 1662 914 ex
1685 890 1724 914 se
1748 889 1864 925 agere

552 936 592 972 in
626 949 802 984 passum,
843 945 1058 984 postquam
1098 949 1179 972 non
1213 936 1291 984 egit
1329 936 1370 972 in
1410 936 1537 981 idem;
1579 937 1648 973 sed
1686 948 1767 972 non
1807 943 1865 971 est

553 994 754 1042 possibile,
796 995 904 1042 quod
943 995 999 1031 sic
1032 1003 1136 1042 agat,
1177 993 1254 1030 nisi
1286 993 1470 1042 paciatur
1510 993 1741 1042 recipiendo
1774 1006 1865 1041 pro-

553 1052 681 1100 priam
717 1052 947 1100 agenciam3
988 1065 1081 1100 ergo
1115 1064 1161 1088 eo
1194 1052 1294 1100 ipso,
1341 1053 1449 1100 quod
1482 1051 1538 1088 sic
1571 1051 1665 1100 agit,
1712 1051 1864 1099 patitur

553 1123 575 1146 a
615 1123 654 1146 se
694 1109 795 1158 ipso,
844 1119 880 1146 et
920 1123 1010 1146 cum
1044 1109 1174 1146 omnis
1215 1109 1348 1157 passio
1381 1109 1431 1145 sit
1470 1118 1602 1146 motus
1634 1111 1695 1146 vel
1733 1109 1921 1156 ipsum15

554 1167 847 1213 concomitans,
893 1168 1074 1216 sequitur
1119 1168 1336 1207 conclusio.
1391 1169 1440 1204 Et
1486 1180 1528 1203 ex
1573 1167 1648 1204 isto
1692 1167 1863 1209 videtur,

553 1227 660 1274 quod
699 1238 822 1273 genus
864 1226 1061 1273 passionis
1102 1225 1152 1262 sit
1191 1225 1302 1273 prius
1341 1225 1581 1262 naturaliter
1620 1238 1763 1273 genere
1802 1237 1866 1260 ac-

554 1284 695 1320 cionis.
747 1286 847 1320 Nam
895 1283 1004 1332 prius
1049 1283 1288 1320 naturaliter
1330 1284 1391 1319 vel
1437 1283 1569 1331 primo
1614 1282 1864 1327 naturaliter,

552 1342 655 1378 sicut
699 1351 756 1378 est
803 1341 927 1387 accio,
968 1342 1191 1378 subiectum
1236 1354 1356 1389 agens
1399 1341 1530 1388 ipsum
1576 1350 1784 1387 sustentat,
1830 1348 1867 1377 et

553 1400 777 1437 subiectum
800 1399 910 1447 prius
932 1400 1170 1436 naturaliter
1186 1400 1313 1447 ipsam
1339 1399 1480 1447 recipit
1503 1398 1712 1447 paciendo,
1745 1412 1864 1447 quam
1883 1412 1925 1434 zo

553 1459 685 1506 ipsum
710 1466 925 1503 sustentat,
960 1471 1053 1505 ergo
1077 1457 1301 1494 subiectum
1326 1457 1435 1504 prius
1458 1457 1694 1493 naturaliter
1717 1456 1867 1505 patitur

554 1515 783 1563 recipiendo
817 1515 1024 1563 propriam
1059 1515 1279 1563 agenciam,
1320 1528 1440 1563 quam
1475 1515 1577 1562 agit3
1617 1524 1654 1551 et
1686 1514 1867 1562 sequitur

555 1573 758 1611 conclusio
790 1573 1040 1621 generaliter,
1075 1586 1150 1621 que
1184 1582 1241 1610 est
1264 1586 1309 1609 eo
1332 1572 1585 1609 verisimilior
1618 1574 1665 1609 de
1689 1572 1866 1621 quolibet

555 1640 697 1680 agente
730 1633 920 1677 secundo,
954 1645 1033 1680 quo
1066 1631 1198 1679 ipsum
1227 1644 1307 1667 non
1340 1639 1470 1679 potest
1494 1643 1624 1679 agere,
1658 1630 1732 1666 nisi
1757 1630 1865 1678 prius

557 1699 724 1735 motum,
762 1687 766 1739 1
803 1698 840 1726 et
872 1701 942 1737 per
975 1702 1223 1738 consequens
1256 1701 1417 1737 passum
1460 1690 1508 1724 ab
1544 1697 1685 1736 agente
1718 1688 1862 1736 primo.
1881 1693 2014 1733 F.214‘

299 1754 323 1781 5.
345 1754 504 1781 Actionis
614 1750 709 1783 Item
745 1760 1000 1796 quecumque
1034 1747 1169 1783 insunt
1203 1746 1430 1783 comuniter
1463 1748 1546 1783 Deo
1586 1755 1623 1782 et
1657 1746 1862 1791 creaturis,

300 1796 451 1850 ἓξοᾞηζῇᾎ
469 1793 504 1850 ᾖ),
555 1805 830 1853 propriissime
854 1805 987 1841 insunt
1012 1807 1109 1852 Deo,
1135 1814 1172 1841 et
1195 1805 1386 1852 analoyce
1411 1804 1625 1850 creaturis;
1655 1805 1723 1840 sed
1747 1816 1864 1852 agere

282 1858 522 1920 Cistesssfflffiseggt
554 1864 655 1900 inest
695 1863 965 1899 communiter
1003 1866 1086 1900 Deo
1127 1871 1164 1899 et
1209 1862 1415 1907 creaturis,
1463 1875 1556 1910 ergo
1595 1861 1782 1910 proprius
1827 1870 1864 1898 et

276 1927 440 1966 originally
461 1927 519 1954 md
554 1921 664 1970 prius
698 1930 735 1957 et
768 1920 1031 1969 principalius
1065 1923 1162 1966 Deo,
1196 1934 1315 1969 quam
1351 1920 1556 1965 creaturis,
1599 1929 1635 1956 et
1668 1932 1738 1968 per
1771 1933 1864 1956 con-

305 1962 498 1998 prinmpally
554 1992 722 2027 sequens
761 1991 840 2016 non
879 1979 1009 2015 solum
1051 1978 1281 2015 substancia
1315 1987 1448 2015 creata
1488 1978 1568 2026 agit
1601 1978 1776 2026 proprie,
1822 1987 1864 2014 ut
1882 1992 1922 2015 ρο

553 2037 704 2073 dictum
729 2046 787 2073 est
809 2037 1005 2084 superius,
1039 2038 1107 2073 sed
1130 2036 1240 2084 prius
1263 2035 1494 2073 substancia
1516 2036 1715 2081 increata3
1749 2035 1865 2072 aliter

552 2095 657 2131 enim
693 2097 799 2131 Deus
832 2108 915 2131 non
948 2094 1182 2131 immediate
1216 2103 1469 2131 conservaret
1502 2093 1723 2142 quamlibet
1756 2106 1864 2130 crea-

552 2162 698 2198 turam,
745 2165 818 2190 nec
857 2152 1090 2189 immediate
1132 2152 1306 2188 efficeret
1346 2164 1508 2188 omnem
1548 2152 1746 2196 effectum,
1791 2164 1864 2187 nec

551 2210 785 2247 immediate
831 2219 1008 2247 moveret
1054 2222 1214 2246 omnem
1263 2219 1417 2246 motum
1464 2210 1560 2257 eius,
1605 2218 1648 2245 ut
1686 2209 1863 2245 ostendit

551 2271 701 2305 Doctor
725 2268 949 2304 Profundus
982 2268 1112 2316 primo
1145 2267 1260 2314 libro,
1285 2267 1460 2316 capitulo
1486 2272 1531 2303 20
1564 2268 1737 2304 tenendo
1771 2280 1861 2303 cum
1879 2270 1918 2303 35

551 2326 630 2362 suis
664 2326 905 2371 corrolariis,
946 2335 983 2362 et
1015 2326 1120 2362 idem
1154 2326 1328 2362 ostendit
1362 2329 1407 2361 20
1440 2325 1559 2372 libro,
1599 2325 1775 2373 capitulo
1811 2335 1861 2361 20

552 2393 589 2420 et
629 2385 764 2420 decem
800 2383 1060 2432 sequentibus
1100 2385 1148 2420 de
1181 2383 1335 2420 actibus
1373 2383 1591 2420 voluntatis
1626 2392 1768 2421 create.
1813 2384 1861 2418 Et

622 2549 642 2568 1.
667 2540 762 2568 Coal:
789 2540 840 2567 da²
857 2528 912 2577 13⁰3
943 2541 979 2567 ih.
1009 2541 1072 2575 nec]
1105 2533 1146 2569 ῐῖἶῖ
1171 2542 1213 2575 (=
1241 2542 1331 2575 nunc)
1362 2540 1428 2568 cod.
1563 2547 1601 2567 21.
1626 2539 1722 2567 Cod.:
1748 2540 1860 2575 ipsam.

548 2576 595 2610 34.
617 2575 692 2609 eius]
714 2575 803 2603 cod..·
822 2583 857 2611 09
879 2577 923 2610 (=
943 2576 1053 2610 cuius).

619 2681 651 2707 o.
679 2670 734 2713 Cf.
753 2671 856 2703 Arist.
875 2671 951 2702 Nat.
970 2671 1074 2702 Ausc.
1093 2671 1153 2702 VII
1177 2679 1314 2711 1,1—-4
1340 2669 1423 2711 (Ed
1450 2671 1534 2703 Par.
1560 2669 1601 2700 II
1624 2670 1715 2708 333,
1740 2672 1762 2701 9
1786 2670 1858 2710 ss..)

551 2717 603 2750 35.
639 2717 691 2759 Cf.
719 2716 880 2748 Thomae
906 2718 1144 2748 Bradwardini
1170 2717 1221 2748 De
1249 2717 1362 2748 Causa
1387 2716 1449 2747 Dei
1478 2716 1533 2746 1¹³
1569 2716 1710 2757 eiusque
1732 2713 1857 2746 ¹'corro-

549 2763 621 2794 larii
664 2769 779 2804 partes
827 2769 896 2794 tres
946 2763 1030 2804 (Ed.
1071 2763 1195 2801 Lond„
1241 2775 1276 2802 p
1318 2762 1517 2803 146—169)
1570 2769 1602 2793 et
1650 2762 1676 2792 II
1721 2762 1857 2794 20—30

548 2810 599 2852 (p.
624 2809 843 2849 540-594).
