<?xml version="1.0" encoding="UTF-8"?>
<!DOCTYPE html PUBLIC "-//W3C//DTD XHTML 1.0 Transitional//EN"
    "http://www.w3.org/TR/xhtml1/DTD/xhtml1-transitional.dtd">
<html xmlns="http://www.w3.org/1999/xhtml" xml:lang="en" lang="en">
 <head>
  <title>
</title>
<meta http-equiv="Content-Type" content="text/html;charset=utf-8" />
  <meta name='ocr-system' content='tesseract 3.04.00' />
  <meta name='ocr-capabilities' content='ocr_page ocr_carea ocr_par ocr_line ocrx_word'/>
</head>
<body>
  <div class='ocr_page' id='page_1' title='image "./deentepraedicame00wycl_0274.png"; bbox 0 0 2056 3234; ppageno 0'>
   <div class='ocr_carea' id='block_1_1' title="bbox 237 161 1838 205">
    <p class='ocr_par' dir='ltr' id='par_1_1' title="bbox 237 161 1838 205">
     <span class='ocr_line' id='line_1_1' title="bbox 237 161 1838 205; baseline 0.003 -10"><span class='ocrx_word' id='word_1_1' title='bbox 237 161 317 205; x_wconf 85' lang='lat'>246</span> <span class='ocrx_word' id='word_1_2' title='bbox 1016 166 1182 199; x_wconf 86' lang='lat' dir='ltr'>Johannis</span> <span class='ocrx_word' id='word_1_3' title='bbox 1208 168 1331 200; x_wconf 86' lang='lat' dir='ltr'>Wiclif</span> <span class='ocrx_word' id='word_1_4' title='bbox 1639 168 1765 204; x_wconf 83' lang='lat' dir='ltr'>Quaest.</span> <span class='ocrx_word' id='word_1_5' title='bbox 1785 169 1838 197; x_wconf 85' lang='lat' dir='ltr'>III.</span> 
     </span>
    </p>
   </div>
   <div class='ocr_carea' id='block_1_2' title="bbox 236 273 1899 2240">
    <p class='ocr_par' dir='ltr' id='par_1_2' title="bbox 236 273 1870 611">
     <span class='ocr_line' id='line_1_2' title="bbox 240 273 1836 325; baseline 0.003 -16"><span class='ocrx_word' id='word_1_6' title='bbox 240 280 504 320; x_wconf 43' lang='lat' dir='ltr'>Againsthcrqis</span> <span class='ocrx_word' id='word_1_7' title='bbox 584 273 734 310; x_wconf 89' lang='lat' dir='ltr'>Ultimo</span> <span class='ocrx_word' id='word_1_8' title='bbox 774 282 870 310; x_wconf 89' lang='lat' dir='ltr'>noto</span> <span class='ocrx_word' id='word_1_9' title='bbox 910 275 1131 310; x_wconf 89' lang='lat' dir='ltr'>secundum</span> <span class='ocrx_word' id='word_1_10' title='bbox 1171 275 1332 310; x_wconf 88' lang='lat' dir='ltr'>beatum</span> <span class='ocrx_word' id='word_1_11' title='bbox 1366 275 1566 312; x_wconf 86' lang='lat' dir='ltr'>Thomam</span> <span class='ocrx_word' id='word_1_12' title='bbox 1613 276 1653 313; x_wconf 92' lang='lat' dir='ltr'>in</span> <span class='ocrx_word' id='word_1_13' title='bbox 1694 277 1836 325; x_wconf 86' lang='lat' dir='ltr'>prima,</span> 
     </span>
     <span class='ocr_line' id='line_1_3' title="bbox 236 317 1835 384; baseline 0.003 -17"><span class='ocrx_word' id='word_1_14' title='bbox 236 317 508 384; x_wconf 37' lang='lat' dir='ltr'>agfoitifflessicffion</span> <span class='ocrx_word' id='word_1_15' title='bbox 524 333 699 368; x_wconf 90' lang='lat' dir='ltr'>secunda</span> <span class='ocrx_word' id='word_1_16' title='bbox 743 332 930 377; x_wconf 78' lang='lat' dir='ltr'><strong>secunde,</strong></span> <span class='ocrx_word' id='word_1_17' title='bbox 977 332 1121 380; x_wconf 82' lang='lat' dir='ltr'>duplex</span> <span class='ocrx_word' id='word_1_18' title='bbox 1167 341 1223 368; x_wconf 88' lang='lat' dir='ltr'>est</span> <span class='ocrx_word' id='word_1_19' title='bbox 1268 341 1379 369; x_wconf 86' lang='lat' dir='ltr'>actus</span> <span class='ocrx_word' id='word_1_20' title='bbox 1425 334 1611 381; x_wconf 82' lang='lat' dir='ltr'>potencie</span> <span class='ocrx_word' id='word_1_21' title='bbox 1654 335 1835 372; x_wconf 87' lang='lat' dir='ltr'>volitive:</span> 
     </span>
     <span class='ocr_line' id='line_1_4' title="bbox 248 384 1838 455; baseline 0.003 -30"><span class='ocrx_word' id='word_1_22' title='bbox 248 386 382 455; x_wconf 54' lang='lat' dir='ltr'>fiffilffig</span> <span class='ocrx_word' id='word_1_23' title='bbox 401 384 503 447; x_wconf 49' lang='lat' dir='ltr'>ffiassf</span> <span class='ocrx_word' id='word_1_24' title='bbox 524 402 625 426; x_wconf 89' lang='lat' dir='ltr'>unus</span> <span class='ocrx_word' id='word_1_25' title='bbox 659 398 717 426; x_wconf 90' lang='lat' dir='ltr'>est</span> <span class='ocrx_word' id='word_1_26' title='bbox 748 389 1019 436; x_wconf 85' lang='lat' dir='ltr'>immediatus,</span> <span class='ocrx_word' id='word_1_27' title='bbox 1052 390 1159 426; x_wconf 91' lang='lat' dir='ltr'>velut</span> <span class='ocrx_word' id='word_1_28' title='bbox 1191 391 1240 426; x_wconf 90' lang='lat' dir='ltr'>ab</span> <span class='ocrx_word' id='word_1_29' title='bbox 1272 389 1359 438; x_wconf 90' lang='lat' dir='ltr'>ipsa</span> <span class='ocrx_word' id='word_1_30' title='bbox 1388 391 1556 437; x_wconf 89' lang='lat' dir='ltr'>elicitus,</span> <span class='ocrx_word' id='word_1_31' title='bbox 1590 401 1632 429; x_wconf 88' lang='lat' dir='ltr'>ut</span> <span class='ocrx_word' id='word_1_32' title='bbox 1654 393 1765 440; x_wconf 86' lang='lat' dir='ltr'>velle,</span> <span class='ocrx_word' id='word_1_33' title='bbox 1800 402 1838 430; x_wconf 92' lang='lat' dir='ltr'>et</span> 
     </span>
     <span class='ocr_line' id='line_1_5' title="bbox 288 447 1835 497; baseline 0.003 -14"><span class='ocrx_word' id='word_1_34' title='bbox 288 456 455 494; x_wconf 73' lang='lat' dir='ltr'>cannqtbe</span> <span class='ocrx_word' id='word_1_35' title='bbox 525 456 582 484; x_wconf 90' lang='lat' dir='ltr'>est</span> <span class='ocrx_word' id='word_1_36' title='bbox 615 447 699 484; x_wconf 90' lang='lat' dir='ltr'>eius</span> <span class='ocrx_word' id='word_1_37' title='bbox 731 456 843 484; x_wconf 86' lang='lat' dir='ltr'>actus</span> <span class='ocrx_word' id='word_1_38' title='bbox 882 447 1083 496; x_wconf 74' lang='lat' dir='ltr'>proprius,</span> <span class='ocrx_word' id='word_1_39' title='bbox 1129 447 1197 496; x_wconf 89' lang='lat' dir='ltr'>qui</span> <span class='ocrx_word' id='word_1_40' title='bbox 1235 461 1316 484; x_wconf 91' lang='lat' dir='ltr'>non</span> <span class='ocrx_word' id='word_1_41' title='bbox 1348 457 1480 497; x_wconf 88' lang='lat' dir='ltr'>potest</span> <span class='ocrx_word' id='word_1_42' title='bbox 1522 449 1745 497; x_wconf 83' lang='lat' dir='ltr'>illibertari‚</span> <span class='ocrx_word' id='word_1_43' title='bbox 1792 460 1835 487; x_wconf 92' lang='lat' dir='ltr'>ut</span> 
     </span>
     <span class='ocr_line' id='line_1_6' title="bbox 283 490 1870 554; baseline 0.003 -13"><span class='ocrx_word' id='word_1_44' title='bbox 283 490 462 518; x_wconf 74' lang='lat' dir='ltr'>restrained.</span> <span class='ocrx_word' id='word_1_45' title='bbox 524 505 620 542; x_wconf 89' lang='lat' dir='ltr'>dicit</span> <span class='ocrx_word' id='word_1_46' title='bbox 651 505 716 542; x_wconf 90' lang='lat' dir='ltr'>ille</span> <span class='ocrx_word' id='word_1_47' title='bbox 749 514 910 542; x_wconf 90' lang='lat' dir='ltr'>sanctus</span> <span class='ocrx_word' id='word_1_48' title='bbox 933 514 969 542; x_wconf 95' lang='lat' dir='ltr'>et</span> <span class='ocrx_word' id='word_1_49' title='bbox 993 507 1145 542; x_wconf 85' lang='lat' dir='ltr'>Seneca</span> <span class='ocrx_word' id='word_1_50' title='bbox 1178 505 1347 554; x_wconf 89' lang='lat' dir='ltr'>epistola</span> <span class='ocrx_word' id='word_1_51' title='bbox 1379 515 1532 544; x_wconf 87' lang='lat' dir='ltr'>octava.</span> <span class='ocrx_word' id='word_1_52' title='bbox 1567 510 1609 544; x_wconf 89' lang='lat' dir='ltr'>In</span> <span class='ocrx_word' id='word_1_53' title='bbox 1630 509 1870 546; x_wconf 85' lang='lat' dir='ltr'>voluntate5</span> 
     </span>
     <span class='ocr_line' id='line_1_7' title="bbox 523 563 1836 611; baseline 0.003 -11"><span class='ocrx_word' id='word_1_54' title='bbox 523 563 740 601; x_wconf 81' lang='lat' dir='ltr'>necessitas</span> <span class='ocrx_word' id='word_1_55' title='bbox 773 576 854 600; x_wconf 88' lang='lat' dir='ltr'>non</span> <span class='ocrx_word' id='word_1_56' title='bbox 888 572 963 611; x_wconf 88' lang='lat' dir='ltr'>est;</span> <span class='ocrx_word' id='word_1_57' title='bbox 1003 563 1112 600; x_wconf 89' lang='lat' dir='ltr'>racio</span> <span class='ocrx_word' id='word_1_58' title='bbox 1146 564 1236 601; x_wconf 90' lang='lat' dir='ltr'>talis</span> <span class='ocrx_word' id='word_1_59' title='bbox 1269 573 1381 601; x_wconf 88' lang='lat' dir='ltr'>actus</span> <span class='ocrx_word' id='word_1_60' title='bbox 1414 566 1632 603; x_wconf 88' lang='lat' dir='ltr'>voluntatis</span> <span class='ocrx_word' id='word_1_61' title='bbox 1664 580 1745 603; x_wconf 91' lang='lat' dir='ltr'>non</span> <span class='ocrx_word' id='word_1_62' title='bbox 1778 576 1836 604; x_wconf 86' lang='lat' dir='ltr'>est</span> 
     </span>
    </p>

    <p class='ocr_par' dir='ltr' id='par_1_3' title="bbox 524 621 1836 673">
     <span class='ocr_line' id='line_1_8' title="bbox 524 621 1836 673; baseline 0.003 -15"><span class='ocrx_word' id='word_1_63' title='bbox 524 621 645 669; x_wconf 89' lang='lat' dir='ltr'>aliud,</span> <span class='ocrx_word' id='word_1_64' title='bbox 678 621 753 658; x_wconf 85' lang='lat' dir='ltr'>nisi</span> <span class='ocrx_word' id='word_1_65' title='bbox 787 622 960 671; x_wconf 88' lang='lat' dir='ltr'>quedam</span> <span class='ocrx_word' id='word_1_66' title='bbox 993 621 1050 658; x_wconf 91' lang='lat' dir='ltr'>vis</span> <span class='ocrx_word' id='word_1_67' title='bbox 1082 623 1304 670; x_wconf 85' lang='lat' dir='ltr'>procedens</span> <span class='ocrx_word' id='word_1_68' title='bbox 1343 624 1391 659; x_wconf 89' lang='lat' dir='ltr'>ab</span> <span class='ocrx_word' id='word_1_69' title='bbox 1423 622 1604 661; x_wconf 84' lang='lat' dir='ltr'>interiori</span> <span class='ocrx_word' id='word_1_70' title='bbox 1636 624 1836 673; x_wconf 86' lang='lat' dir='ltr'>principio</span> 
     </span>
    </p>

    <p class='ocr_par' dir='ltr' id='par_1_4' title="bbox 524 680 1835 731">
     <span class='ocr_line' id='line_1_9' title="bbox 524 680 1835 731; baseline 0.003 -15"><span class='ocrx_word' id='word_1_71' title='bbox 524 680 736 728; x_wconf 87' lang='lat' dir='ltr'>cognitivo‚</span> <span class='ocrx_word' id='word_1_72' title='bbox 770 680 872 717; x_wconf 90' lang='lat' dir='ltr'>sicut</span> <span class='ocrx_word' id='word_1_73' title='bbox 904 680 1106 728; x_wconf 83' lang='lat' dir='ltr'>appetitus</span> <span class='ocrx_word' id='word_1_74' title='bbox 1130 680 1345 717; x_wconf 87' lang='lat' dir='ltr'>racionalis</span> <span class='ocrx_word' id='word_1_75' title='bbox 1378 694 1459 717; x_wconf 92' lang='lat' dir='ltr'>non</span> <span class='ocrx_word' id='word_1_76' title='bbox 1482 690 1539 718; x_wconf 89' lang='lat' dir='ltr'>est</span> <span class='ocrx_word' id='word_1_77' title='bbox 1562 681 1638 718; x_wconf 90' lang='lat' dir='ltr'>nisi</span> <span class='ocrx_word' id='word_1_78' title='bbox 1662 684 1835 731; x_wconf 90' lang='lat' dir='ltr'>quedam</span> 
     </span>
    </p>

    <p class='ocr_par' dir='ltr' id='par_1_5' title="bbox 260 737 1896 846">
     <span class='ocr_line' id='line_1_10' title="bbox 524 737 1835 788; baseline 0.003 -14"><span class='ocrx_word' id='word_1_79' title='bbox 524 737 738 775; x_wconf 88' lang='lat' dir='ltr'>inclinacio</span> <span class='ocrx_word' id='word_1_80' title='bbox 771 739 991 786; x_wconf 88' lang='lat' dir='ltr'>precedens</span> <span class='ocrx_word' id='word_1_81' title='bbox 1024 751 1046 775; x_wconf 92' lang='lat' dir='ltr'>a</span> <span class='ocrx_word' id='word_1_82' title='bbox 1067 738 1267 787; x_wconf 89' lang='lat' dir='ltr'>principio</span> <span class='ocrx_word' id='word_1_83' title='bbox 1300 739 1473 776; x_wconf 91' lang='lat' dir='ltr'>naturali</span> <span class='ocrx_word' id='word_1_84' title='bbox 1506 753 1587 776; x_wconf 90' lang='lat' dir='ltr'>non</span> <span class='ocrx_word' id='word_1_85' title='bbox 1621 741 1835 788; x_wconf 75' lang='lat' dir='ltr'>cognitivo.</span> 
     </span>
     <span class='ocr_line' id='line_1_11' title="bbox 260 796 1896 846; baseline 0.004 -16"><span class='ocrx_word' id='word_1_86' title='bbox 260 803 391 831; x_wconf 83' lang='lat' dir='ltr'>Second}</span> <span class='ocrx_word' id='word_1_87' title='bbox 434 802 484 830; x_wconf 72' lang='lat' dir='ltr'>the</span> <span class='ocrx_word' id='word_1_88' title='bbox 525 798 674 834; x_wconf 86' lang='lat' dir='ltr'>Contra</span> <span class='ocrx_word' id='word_1_89' title='bbox 696 796 897 833; x_wconf 84' lang='lat' dir='ltr'>racionem</span> <span class='ocrx_word' id='word_1_90' title='bbox 923 805 1057 833; x_wconf 84' lang='lat' dir='ltr'>autem</span> <span class='ocrx_word' id='word_1_91' title='bbox 1075 797 1192 833; x_wconf 89' lang='lat' dir='ltr'>huius</span> <span class='ocrx_word' id='word_1_92' title='bbox 1215 805 1326 834; x_wconf 88' lang='lat' dir='ltr'>actus</span> <span class='ocrx_word' id='word_1_93' title='bbox 1351 807 1408 834; x_wconf 91' lang='lat' dir='ltr'>est</span> <span class='ocrx_word' id='word_1_94' title='bbox 1424 797 1591 846; x_wconf 86' lang='lat' dir='ltr'>quilibet</span> <span class='ocrx_word' id='word_1_95' title='bbox 1614 798 1836 836; x_wconf 89' lang='lat' dir='ltr'>illiberatus</span> <span class='ocrx_word' id='word_1_96' title='bbox 1858 815 1896 836; x_wconf 88' lang='lat'>10</span> 
     </span>
    </p>

    <p class='ocr_par' dir='ltr' id='par_1_6' title="bbox 260 842 1835 911">
     <span class='ocr_line' id='line_1_12' title="bbox 260 842 1835 911; baseline 0.003 -22"><span class='ocrx_word' id='word_1_97' title='bbox 260 842 491 911; x_wconf 43' lang='grc' dir='ltr'>ἓχυέἕξζῑνέσὲς</span> <span class='ocrx_word' id='word_1_98' title='bbox 524 854 604 891; x_wconf 88' lang='lat' dir='ltr'>sive</span> <span class='ocrx_word' id='word_1_99' title='bbox 644 863 820 900; x_wconf 90' lang='lat' dir='ltr'>coactus,</span> <span class='ocrx_word' id='word_1_100' title='bbox 860 853 961 890; x_wconf 89' lang='lat' dir='ltr'>sicut</span> <span class='ocrx_word' id='word_1_101' title='bbox 1001 863 1038 891; x_wconf 91' lang='lat' dir='ltr'>et</span> <span class='ocrx_word' id='word_1_102' title='bbox 1077 864 1217 891; x_wconf 90' lang='lat' dir='ltr'>contra</span> <span class='ocrx_word' id='word_1_103' title='bbox 1256 856 1483 892; x_wconf 86' lang='lat' dir='ltr'>naturalem</span> <span class='ocrx_word' id='word_1_104' title='bbox 1524 856 1835 894; x_wconf 87' lang='lat' dir='ltr'>inclinacionem</span> 
     </span>
    </p>

    <p class='ocr_par' dir='ltr' id='par_1_7' title="bbox 267 907 1835 969">
     <span class='ocr_line' id='line_1_13' title="bbox 267 907 1835 969; baseline 0.003 -21"><span class='ocrx_word' id='word_1_105' title='bbox 267 907 476 969; x_wconf 41' lang='lat' dir='ltr'>tffiswgsslnaffl</span> <span class='ocrx_word' id='word_1_106' title='bbox 524 912 585 949; x_wconf 88' lang='lat' dir='ltr'>vel</span> <span class='ocrx_word' id='word_1_107' title='bbox 619 912 745 949; x_wconf 86' lang='lat' dir='ltr'>eciam</span> <span class='ocrx_word' id='word_1_108' title='bbox 786 921 961 959; x_wconf 83' lang='lat' dir='ltr'>motum3</span> <span class='ocrx_word' id='word_1_109' title='bbox 1006 921 1139 961; x_wconf 87' lang='lat' dir='ltr'>potest</span> <span class='ocrx_word' id='word_1_110' title='bbox 1179 913 1283 949; x_wconf 88' lang='lat' dir='ltr'>enim</span> <span class='ocrx_word' id='word_1_111' title='bbox 1325 926 1443 961; x_wconf 83' lang='lat' dir='ltr'>grave</span> <span class='ocrx_word' id='word_1_112' title='bbox 1478 914 1628 951; x_wconf 84' lang='lat' dir='ltr'>moveri</span> <span class='ocrx_word' id='word_1_113' title='bbox 1661 928 1835 962; x_wconf 86' lang='lat' dir='ltr'>sursum,</span> 
     </span>
    </p>

    <p class='ocr_par' dir='ltr' id='par_1_8' title="bbox 285 970 1835 1010">
     <span class='ocr_line' id='line_1_14' title="bbox 285 970 1835 1010; baseline 0.005 -7"><span class='ocrx_word' id='word_1_114' title='bbox 285 976 464 1004; x_wconf 71' lang='lat' dir='ltr'>restiained.</span> <span class='ocrx_word' id='word_1_115' title='bbox 525 983 605 1007; x_wconf 88' lang='lat' dir='ltr'>non</span> <span class='ocrx_word' id='word_1_116' title='bbox 644 979 777 1007; x_wconf 91' lang='lat' dir='ltr'>autem</span> <span class='ocrx_word' id='word_1_117' title='bbox 818 983 861 1007; x_wconf 83' lang='lat' dir='ltr'>ex</span> <span class='ocrx_word' id='word_1_118' title='bbox 895 970 977 1006; x_wconf 90' lang='lat' dir='ltr'>eius</span> <span class='ocrx_word' id='word_1_119' title='bbox 1009 970 1183 1008; x_wconf 91' lang='lat' dir='ltr'>naturali</span> <span class='ocrx_word' id='word_1_120' title='bbox 1224 971 1504 1008; x_wconf 88' lang='lat' dir='ltr'>inclinacione.</span> <span class='ocrx_word' id='word_1_121' title='bbox 1543 972 1633 1009; x_wconf 90' lang='lat' dir='ltr'>Alia</span> <span class='ocrx_word' id='word_1_122' title='bbox 1673 973 1835 1010; x_wconf 89' lang='lat' dir='ltr'>racione</span> 
     </span>
    </p>

    <p class='ocr_par' dir='ltr' id='par_1_9' title="bbox 524 1028 1893 1137">
     <span class='ocr_line' id='line_1_15' title="bbox 526 1028 1836 1077; baseline 0.003 -13"><span class='ocrx_word' id='word_1_123' title='bbox 526 1028 723 1076; x_wconf 74' lang='lat' dir='ltr'>arguitur:</span> <span class='ocrx_word' id='word_1_124' title='bbox 749 1028 860 1065; x_wconf 86' lang='lat' dir='ltr'>Sicut</span> <span class='ocrx_word' id='word_1_125' title='bbox 882 1028 1121 1065; x_wconf 86' lang='lat' dir='ltr'>naturalitas</span> <span class='ocrx_word' id='word_1_126' title='bbox 1146 1029 1247 1065; x_wconf 90' lang='lat' dir='ltr'>inest</span> <span class='ocrx_word' id='word_1_127' title='bbox 1262 1042 1333 1077; x_wconf 90' lang='lat' dir='ltr'>per</span> <span class='ocrx_word' id='word_1_128' title='bbox 1356 1042 1396 1066; x_wconf 89' lang='lat' dir='ltr'>se</span> <span class='ocrx_word' id='word_1_129' title='bbox 1419 1039 1574 1077; x_wconf 88' lang='lat' dir='ltr'>nature,</span> <span class='ocrx_word' id='word_1_130' title='bbox 1600 1030 1655 1067; x_wconf 89' lang='lat' dir='ltr'>sic</span> <span class='ocrx_word' id='word_1_131' title='bbox 1672 1031 1836 1068; x_wconf 88' lang='lat' dir='ltr'>libertas</span> 
     </span>
     <span class='ocr_line' id='line_1_16' title="bbox 524 1086 1893 1137; baseline 0.002 -14"><span class='ocrx_word' id='word_1_132' title='bbox 524 1086 656 1133; x_wconf 82' lang='lat' dir='ltr'>voliti3</span> <span class='ocrx_word' id='word_1_133' title='bbox 701 1086 803 1123; x_wconf 91' lang='lat' dir='ltr'>sicut</span> <span class='ocrx_word' id='word_1_134' title='bbox 841 1099 935 1135; x_wconf 80' lang='lat' dir='ltr'>ergo</span> <span class='ocrx_word' id='word_1_135' title='bbox 975 1095 1087 1123; x_wconf 90' lang='lat' dir='ltr'>actus</span> <span class='ocrx_word' id='word_1_136' title='bbox 1125 1086 1331 1124; x_wconf 88' lang='lat' dir='ltr'>intuitivus</span> <span class='ocrx_word' id='word_1_137' title='bbox 1372 1097 1428 1124; x_wconf 92' lang='lat' dir='ltr'>est</span> <span class='ocrx_word' id='word_1_138' title='bbox 1473 1088 1635 1137; x_wconf 90' lang='lat' dir='ltr'>proprie</span> <span class='ocrx_word' id='word_1_139' title='bbox 1681 1095 1893 1136; x_wconf 85' lang='lat' dir='ltr'>nature,15</span> 
     </span>
    </p>

    <p class='ocr_par' dir='ltr' id='par_1_10' title="bbox 525 1144 1837 1192">
     <span class='ocr_line' id='line_1_17' title="bbox 525 1144 1837 1192; baseline 0.003 -12"><span class='ocrx_word' id='word_1_140' title='bbox 525 1144 752 1181; x_wconf 88' lang='lat' dir='ltr'>necessario</span> <span class='ocrx_word' id='word_1_141' title='bbox 791 1157 861 1192; x_wconf 89' lang='lat' dir='ltr'>per</span> <span class='ocrx_word' id='word_1_142' title='bbox 899 1145 1072 1181; x_wconf 88' lang='lat' dir='ltr'>formam</span> <span class='ocrx_word' id='word_1_143' title='bbox 1112 1145 1382 1192; x_wconf 83' lang='lat' dir='ltr'>naturalitate,</span> <span class='ocrx_word' id='word_1_144' title='bbox 1429 1155 1471 1183; x_wconf 92' lang='lat' dir='ltr'>ut</span> <span class='ocrx_word' id='word_1_145' title='bbox 1510 1146 1559 1182; x_wconf 87' lang='lat' dir='ltr'>sit</span> <span class='ocrx_word' id='word_1_146' title='bbox 1604 1155 1642 1183; x_wconf 90' lang='lat' dir='ltr'>et</span> <span class='ocrx_word' id='word_1_147' title='bbox 1681 1147 1837 1184; x_wconf 86' lang='lat' dir='ltr'>dicatur</span> 
     </span>
    </p>

    <p class='ocr_par' dir='ltr' id='par_1_11' title="bbox 525 1202 1838 1254">
     <span class='ocr_line' id='line_1_18' title="bbox 525 1202 1838 1254; baseline 0.003 -16"><span class='ocrx_word' id='word_1_148' title='bbox 525 1202 740 1249; x_wconf 81' lang='lat' dir='ltr'>naturalis;</span> <span class='ocrx_word' id='word_1_149' title='bbox 780 1202 835 1239; x_wconf 87' lang='lat' dir='ltr'>sic</span> <span class='ocrx_word' id='word_1_150' title='bbox 874 1211 986 1239; x_wconf 88' lang='lat' dir='ltr'>actus</span> <span class='ocrx_word' id='word_1_151' title='bbox 1028 1203 1215 1251; x_wconf 90' lang='lat' dir='ltr'>proprius</span> <span class='ocrx_word' id='word_1_152' title='bbox 1251 1204 1466 1241; x_wconf 90' lang='lat' dir='ltr'>voluntatis</span> <span class='ocrx_word' id='word_1_153' title='bbox 1507 1204 1735 1242; x_wconf 87' lang='lat' dir='ltr'>necessario</span> <span class='ocrx_word' id='word_1_154' title='bbox 1767 1218 1838 1254; x_wconf 91' lang='lat' dir='ltr'>per</span> 
     </span>
    </p>

    <p class='ocr_par' dir='ltr' id='par_1_12' title="bbox 526 1260 1837 1307">
     <span class='ocr_line' id='line_1_19' title="bbox 526 1260 1837 1307; baseline 0.003 -11"><span class='ocrx_word' id='word_1_155' title='bbox 526 1261 698 1297; x_wconf 89' lang='lat' dir='ltr'>formam</span> <span class='ocrx_word' id='word_1_156' title='bbox 732 1260 930 1307; x_wconf 86' lang='lat' dir='ltr'>libertate,</span> <span class='ocrx_word' id='word_1_157' title='bbox 963 1269 1007 1297; x_wconf 92' lang='lat' dir='ltr'>ut</span> <span class='ocrx_word' id='word_1_158' title='bbox 1039 1261 1089 1297; x_wconf 88' lang='lat' dir='ltr'>sit</span> <span class='ocrx_word' id='word_1_159' title='bbox 1122 1270 1159 1298; x_wconf 89' lang='lat' dir='ltr'>et</span> <span class='ocrx_word' id='word_1_160' title='bbox 1183 1261 1339 1298; x_wconf 90' lang='lat' dir='ltr'>dicatur</span> <span class='ocrx_word' id='word_1_161' title='bbox 1362 1262 1476 1299; x_wconf 88' lang='lat' dir='ltr'>liber.</span> <span class='ocrx_word' id='word_1_162' title='bbox 1508 1262 1621 1299; x_wconf 91' lang='lat' dir='ltr'>Alius</span> <span class='ocrx_word' id='word_1_163' title='bbox 1645 1271 1702 1300; x_wconf 90' lang='lat' dir='ltr'>est</span> <span class='ocrx_word' id='word_1_164' title='bbox 1725 1272 1837 1300; x_wconf 91' lang='lat' dir='ltr'>actus</span> 
     </span>
    </p>

    <p class='ocr_par' dir='ltr' id='par_1_13' title="bbox 526 1318 1897 1427">
     <span class='ocr_line' id='line_1_20' title="bbox 526 1318 1838 1369; baseline 0.003 -15"><span class='ocrx_word' id='word_1_165' title='bbox 526 1318 774 1367; x_wconf 85' lang='lat' dir='ltr'>improprius</span> <span class='ocrx_word' id='word_1_166' title='bbox 812 1319 1030 1355; x_wconf 91' lang='lat' dir='ltr'>voluntatis</span> <span class='ocrx_word' id='word_1_167' title='bbox 1070 1332 1090 1355; x_wconf 86' lang='lat' dir='ltr'>a</span> <span class='ocrx_word' id='word_1_168' title='bbox 1128 1320 1335 1356; x_wconf 89' lang='lat' dir='ltr'>voluntate</span> <span class='ocrx_word' id='word_1_169' title='bbox 1374 1320 1596 1369; x_wconf 89' lang='lat' dir='ltr'>imperatus</span> <span class='ocrx_word' id='word_1_170' title='bbox 1636 1321 1838 1358; x_wconf 87' lang='lat' dir='ltr'>mediante</span> 
     </span>
     <span class='ocr_line' id='line_1_21' title="bbox 527 1376 1897 1427; baseline 0.002 -14"><span class='ocrx_word' id='word_1_171' title='bbox 527 1376 604 1413; x_wconf 90' lang='lat' dir='ltr'>alia</span> <span class='ocrx_word' id='word_1_172' title='bbox 626 1376 813 1425; x_wconf 88' lang='lat' dir='ltr'>potencia</span> <span class='ocrx_word' id='word_1_173' title='bbox 837 1377 1045 1423; x_wconf 82' lang='lat' dir='ltr'>exercitus,</span> <span class='ocrx_word' id='word_1_174' title='bbox 1079 1386 1121 1414; x_wconf 86' lang='lat' dir='ltr'>ut</span> <span class='ocrx_word' id='word_1_175' title='bbox 1146 1379 1366 1424; x_wconf 81' lang='lat' dir='ltr'>ambulare,</span> <span class='ocrx_word' id='word_1_176' title='bbox 1401 1378 1526 1427; x_wconf 81' lang='lat' dir='ltr'>loqui,</span> <span class='ocrx_word' id='word_1_177' title='bbox 1559 1378 1626 1427; x_wconf 89' lang='lat' dir='ltr'>qui</span> <span class='ocrx_word' id='word_1_178' title='bbox 1655 1392 1677 1416; x_wconf 91' lang='lat' dir='ltr'>a</span> <span class='ocrx_word' id='word_1_179' title='bbox 1699 1380 1838 1416; x_wconf 90' lang='lat' dir='ltr'>volun·</span> <span class='ocrx_word' id='word_1_180' title='bbox 1855 1395 1897 1416; x_wconf 90' lang='lat'>20</span> 
     </span>
    </p>

    <p class='ocr_par' dir='ltr' id='par_1_14' title="bbox 526 1434 1839 1484">
     <span class='ocr_line' id='line_1_22' title="bbox 526 1434 1839 1484; baseline 0.002 -13"><span class='ocrx_word' id='word_1_181' title='bbox 526 1443 606 1471; x_wconf 88' lang='lat' dir='ltr'>tate</span> <span class='ocrx_word' id='word_1_182' title='bbox 638 1434 901 1483; x_wconf 84' lang='lat' dir='ltr'>imperantur,</span> <span class='ocrx_word' id='word_1_183' title='bbox 936 1435 1138 1472; x_wconf 87' lang='lat' dir='ltr'>mediante</span> <span class='ocrx_word' id='word_1_184' title='bbox 1170 1436 1356 1484; x_wconf 90' lang='lat' dir='ltr'>potencia</span> <span class='ocrx_word' id='word_1_185' title='bbox 1390 1436 1558 1483; x_wconf 84' lang='lat' dir='ltr'>motiva;</span> <span class='ocrx_word' id='word_1_186' title='bbox 1597 1437 1687 1474; x_wconf 85' lang='lat' dir='ltr'>talis</span> <span class='ocrx_word' id='word_1_187' title='bbox 1726 1446 1839 1474; x_wconf 88' lang='lat' dir='ltr'>actus</span> 
     </span>
    </p>

    <p class='ocr_par' dir='ltr' id='par_1_15' title="bbox 526 1493 1840 1544">
     <span class='ocr_line' id='line_1_23' title="bbox 526 1493 1840 1544; baseline 0.002 -15"><span class='ocrx_word' id='word_1_188' title='bbox 526 1494 747 1529; x_wconf 89' lang='lat' dir='ltr'>secundum</span> <span class='ocrx_word' id='word_1_189' title='bbox 772 1493 867 1541; x_wconf 90' lang='lat' dir='ltr'>quid</span> <span class='ocrx_word' id='word_1_190' title='bbox 890 1493 1108 1530; x_wconf 86' lang='lat' dir='ltr'>voluntatis</span> <span class='ocrx_word' id='word_1_191' title='bbox 1140 1503 1273 1542; x_wconf 87' lang='lat' dir='ltr'>potest</span> <span class='ocrx_word' id='word_1_192' title='bbox 1297 1495 1601 1542; x_wconf 89' lang='lat' dir='ltr'>quodammodo</span> <span class='ocrx_word' id='word_1_193' title='bbox 1633 1495 1840 1544; x_wconf 79' lang='lat' dir='ltr'>impediri,</span> 
     </span>
    </p>

    <p class='ocr_par' dir='ltr' id='par_1_16' title="bbox 527 1551 1838 1601">
     <span class='ocr_line' id='line_1_24' title="bbox 527 1551 1838 1601; baseline 0.003 -14"><span class='ocrx_word' id='word_1_194' title='bbox 527 1563 575 1587; x_wconf 91' lang='lat' dir='ltr'>ne</span> <span class='ocrx_word' id='word_1_195' title='bbox 624 1551 840 1588; x_wconf 90' lang='lat' dir='ltr'>voluntatis</span> <span class='ocrx_word' id='word_1_196' title='bbox 891 1551 1105 1599; x_wconf 88' lang='lat' dir='ltr'>imperium</span> <span class='ocrx_word' id='word_1_197' title='bbox 1159 1561 1395 1601; x_wconf 82' lang='lat' dir='ltr'>exequatur3</span> <span class='ocrx_word' id='word_1_198' title='bbox 1446 1553 1654 1589; x_wconf 87' lang='lat' dir='ltr'>illibertari</span> <span class='ocrx_word' id='word_1_199' title='bbox 1704 1562 1838 1591; x_wconf 90' lang='lat' dir='ltr'>autem</span> 
     </span>
    </p>

    <p class='ocr_par' dir='ltr' id='par_1_17' title="bbox 527 1609 1896 1716">
     <span class='ocr_line' id='line_1_25' title="bbox 527 1609 1839 1657; baseline 0.002 -12"><span class='ocrx_word' id='word_1_200' title='bbox 527 1609 710 1645; x_wconf 89' lang='lat' dir='ltr'>voluntas</span> <span class='ocrx_word' id='word_1_201' title='bbox 742 1622 823 1646; x_wconf 91' lang='lat' dir='ltr'>non</span> <span class='ocrx_word' id='word_1_202' title='bbox 857 1618 987 1657; x_wconf 91' lang='lat' dir='ltr'>potest</span> <span class='ocrx_word' id='word_1_203' title='bbox 1020 1611 1241 1646; x_wconf 88' lang='lat' dir='ltr'>secundum</span> <span class='ocrx_word' id='word_1_204' title='bbox 1281 1610 1538 1647; x_wconf 87' lang='lat' dir='ltr'>Aristotelem</span> <span class='ocrx_word' id='word_1_205' title='bbox 1571 1611 1696 1648; x_wconf 86' lang='lat' dir='ltr'>tercio</span> <span class='ocrx_word' id='word_1_206' title='bbox 1729 1612 1839 1648; x_wconf 90' lang='lat' dir='ltr'>Ethi-</span> 
     </span>
     <span class='ocr_line' id='line_1_26' title="bbox 529 1667 1896 1716; baseline 0.004 -13"><span class='ocrx_word' id='word_1_207' title='bbox 529 1680 689 1704; x_wconf 86' lang='lat' dir='ltr'>corum:</span> <span class='ocrx_word' id='word_1_208' title='bbox 722 1669 833 1704; x_wconf 88' lang='lat' dir='ltr'>Justa</span> <span class='ocrx_word' id='word_1_209' title='bbox 868 1676 905 1704; x_wconf 90' lang='lat' dir='ltr'>et</span> <span class='ocrx_word' id='word_1_210' title='bbox 938 1667 1085 1704; x_wconf 91' lang='lat' dir='ltr'>iniusta</span> <span class='ocrx_word' id='word_1_211' title='bbox 1118 1680 1336 1716; x_wconf 88' lang='lat' dir='ltr'>operamur</span> <span class='ocrx_word' id='word_1_212' title='bbox 1367 1669 1557 1707; x_wconf 70' lang='lat' dir='ltr'>volentes</span> <span class='ocrx_word' id='word_1_213' title='bbox 1856 1675 1896 1708; x_wconf 84' lang='lat'>25</span> 
     </span>
    </p>

    <p class='ocr_par' dir='ltr' id='par_1_18' title="bbox 255 1726 1841 1774">
     <span class='ocr_line' id='line_1_27' title="bbox 255 1726 1841 1774; baseline 0.004 -17"><span class='ocrx_word' id='word_1_214' title='bbox 255 1741 278 1769; x_wconf 95' lang='lat'><em>1</em></span> <span class='ocrx_word' id='word_1_215' title='bbox 300 1741 500 1769; x_wconf 80' lang='lat' dir='ltr'>conclusion</span> <span class='ocrx_word' id='word_1_216' title='bbox 585 1726 832 1762; x_wconf 73' lang='lat' dir='ltr'>CONCLUSIO</span> <span class='ocrx_word' id='word_1_217' title='bbox 877 1732 1017 1760; x_wconf 76' lang='lat' dir='ltr'>PRIMA:</span> <span class='ocrx_word' id='word_1_218' title='bbox 1069 1727 1236 1774; x_wconf 87' lang='lat' dir='ltr'>Semper</span> <span class='ocrx_word' id='word_1_219' title='bbox 1274 1727 1444 1763; x_wconf 88' lang='lat' dir='ltr'>liberum</span> <span class='ocrx_word' id='word_1_220' title='bbox 1489 1727 1700 1764; x_wconf 89' lang='lat' dir='ltr'>arbitrium</span> <span class='ocrx_word' id='word_1_221' title='bbox 1739 1727 1841 1764; x_wconf 91' lang='lat' dir='ltr'>inest</span> 
     </span>
    </p>

    <p class='ocr_par' dir='ltr' id='par_1_19' title="bbox 263 1775 1839 1850">
     <span class='ocr_line' id='line_1_28' title="bbox 263 1775 1839 1850; baseline 0.003 -32"><span class='ocrx_word' id='word_1_222' title='bbox 263 1775 493 1850; x_wconf 33' lang='lat' dir='ltr'>aigvgeyeswgililsts</span> <span class='ocrx_word' id='word_1_223' title='bbox 528 1782 722 1819; x_wconf 89' lang='lat' dir='ltr'>racionali</span> <span class='ocrx_word' id='word_1_224' title='bbox 759 1792 914 1820; x_wconf 89' lang='lat' dir='ltr'>nature.</span> <span class='ocrx_word' id='word_1_225' title='bbox 952 1783 1144 1832; x_wconf 86' lang='lat' dir='ltr'>Arguitur</span> <span class='ocrx_word' id='word_1_226' title='bbox 1183 1784 1256 1821; x_wconf 86' lang='lat' dir='ltr'>sic:</span> <span class='ocrx_word' id='word_1_227' title='bbox 1304 1785 1407 1830; x_wconf 86' lang='lat' dir='ltr'>Quia</span> <span class='ocrx_word' id='word_1_228' title='bbox 1440 1794 1616 1833; x_wconf 91' lang='lat' dir='ltr'>potestas</span> <span class='ocrx_word' id='word_1_229' title='bbox 1655 1785 1839 1822; x_wconf 87' lang='lat' dir='ltr'>servandi</span> 
     </span>
    </p>

    <p class='ocr_par' dir='ltr' id='par_1_20' title="bbox 326 1840 1839 1891">
     <span class='ocr_line' id='line_1_29' title="bbox 326 1840 1839 1891; baseline 0.003 -15"><span class='ocrx_word' id='word_1_230' title='bbox 326 1845 356 1872; x_wconf 90' lang='lat' dir='ltr'>in</span> <span class='ocrx_word' id='word_1_231' title='bbox 377 1845 427 1872; x_wconf 82' lang='lat' dir='ltr'>the</span> <span class='ocrx_word' id='word_1_232' title='bbox 528 1840 810 1877; x_wconf 87' lang='lat' dir='ltr'>rectitudinem</span> <span class='ocrx_word' id='word_1_233' title='bbox 842 1842 1058 1878; x_wconf 86' lang='lat' dir='ltr'>voluntatis</span> <span class='ocrx_word' id='word_1_234' title='bbox 1090 1854 1249 1891; x_wconf 85' lang='lat' dir='ltr'>semper</span> <span class='ocrx_word' id='word_1_235' title='bbox 1281 1842 1383 1879; x_wconf 86' lang='lat' dir='ltr'>inest</span> <span class='ocrx_word' id='word_1_236' title='bbox 1416 1843 1610 1880; x_wconf 89' lang='lat' dir='ltr'>racionali</span> <span class='ocrx_word' id='word_1_237' title='bbox 1644 1852 1839 1890; x_wconf 77' lang='lat' dir='ltr'>creature,</span> 
     </span>
    </p>

    <p class='ocr_par' dir='ltr' id='par_1_21' title="bbox 241 1879 1899 2008">
     <span class='ocr_line' id='line_1_30' title="bbox 241 1879 1840 1950; baseline 0.003 -17"><span class='ocrx_word' id='word_1_238' title='bbox 241 1879 372 1908; x_wconf 73' lang='lat' dir='ltr'>rational</span> <span class='ocrx_word' id='word_1_239' title='bbox 396 1884 511 1907; x_wconf 79' lang='lat' dir='ltr'>nature</span> <span class='ocrx_word' id='word_1_240' title='bbox 528 1898 649 1946; x_wconf 86' lang='lat' dir='ltr'>igitur</span> <span class='ocrx_word' id='word_1_241' title='bbox 673 1908 709 1935; x_wconf 93' lang='lat' dir='ltr'>et</span> <span class='ocrx_word' id='word_1_242' title='bbox 731 1899 902 1935; x_wconf 88' lang='lat' dir='ltr'>liberum</span> <span class='ocrx_word' id='word_1_243' title='bbox 926 1899 1149 1938; x_wconf 89' lang='lat' dir='ltr'>arbitrium.</span> <span class='ocrx_word' id='word_1_244' title='bbox 1174 1901 1476 1949; x_wconf 88' lang='lat' dir='ltr'>Consequencia</span> <span class='ocrx_word' id='word_1_245' title='bbox 1500 1910 1609 1950; x_wconf 90' lang='lat' dir='ltr'>patet</span> <span class='ocrx_word' id='word_1_246' title='bbox 1632 1914 1675 1938; x_wconf 86' lang='lat' dir='ltr'>ex</span> <span class='ocrx_word' id='word_1_247' title='bbox 1697 1901 1840 1938; x_wconf 91' lang='lat' dir='ltr'>ultimo</span> 
     </span>
     <span class='ocr_line' id='line_1_31' title="bbox 528 1956 1899 2008; baseline 0.004 -16"><span class='ocrx_word' id='word_1_248' title='bbox 528 1956 711 2003; x_wconf 86' lang='lat' dir='ltr'>notabili,</span> <span class='ocrx_word' id='word_1_249' title='bbox 758 1966 794 1993; x_wconf 93' lang='lat' dir='ltr'>et</span> <span class='ocrx_word' id='word_1_250' title='bbox 827 1959 1066 1994; x_wconf 85' lang='lat' dir='ltr'>antecedens</span> <span class='ocrx_word' id='word_1_251' title='bbox 1098 1960 1312 2007; x_wconf 80' lang='lat' dir='ltr'>probatur3</span> <span class='ocrx_word' id='word_1_252' title='bbox 1358 1972 1451 1995; x_wconf 89' lang='lat' dir='ltr'>nam</span> <span class='ocrx_word' id='word_1_253' title='bbox 1487 1959 1589 1996; x_wconf 89' lang='lat' dir='ltr'>sicut</span> <span class='ocrx_word' id='word_1_254' title='bbox 1620 1959 1738 2006; x_wconf 87' lang='lat' dir='ltr'>visus,</span> <span class='ocrx_word' id='word_1_255' title='bbox 1772 1959 1840 2008; x_wconf 92' lang='lat' dir='ltr'>qui</span> <span class='ocrx_word' id='word_1_256' title='bbox 1857 1966 1899 1998; x_wconf 80' lang='lat'>30</span> 
     </span>
    </p>

    <p class='ocr_par' dir='ltr' id='par_1_22' title="bbox 530 2014 1838 2062">
     <span class='ocr_line' id='line_1_32' title="bbox 530 2014 1838 2062; baseline 0.004 -12"><span class='ocrx_word' id='word_1_257' title='bbox 530 2023 587 2051; x_wconf 92' lang='lat' dir='ltr'>est</span> <span class='ocrx_word' id='word_1_258' title='bbox 630 2014 955 2062; x_wconf 82' lang='lat' dir='ltr'>instrumentum,</span> <span class='ocrx_word' id='word_1_259' title='bbox 1009 2028 1049 2052; x_wconf 89' lang='lat' dir='ltr'>se</span> <span class='ocrx_word' id='word_1_260' title='bbox 1096 2017 1215 2053; x_wconf 89' lang='lat' dir='ltr'>habet</span> <span class='ocrx_word' id='word_1_261' title='bbox 1260 2018 1309 2053; x_wconf 92' lang='lat' dir='ltr'>ad</span> <span class='ocrx_word' id='word_1_262' title='bbox 1361 2026 1547 2054; x_wconf 91' lang='lat' dir='ltr'>naturam</span> <span class='ocrx_word' id='word_1_263' title='bbox 1593 2018 1838 2055; x_wconf 84' lang='lat' dir='ltr'>racionalem</span> 
     </span>
    </p>

    <p class='ocr_par' dir='ltr' id='par_1_23' title="bbox 529 2073 1840 2122">
     <span class='ocr_line' id='line_1_33' title="bbox 529 2073 1840 2122; baseline 0.002 -13"><span class='ocrx_word' id='word_1_264' title='bbox 529 2073 708 2120; x_wconf 85' lang='lat' dir='ltr'>totalem,</span> <span class='ocrx_word' id='word_1_265' title='bbox 749 2073 804 2110; x_wconf 88' lang='lat' dir='ltr'>sic</span> <span class='ocrx_word' id='word_1_266' title='bbox 843 2073 969 2110; x_wconf 89' lang='lat' dir='ltr'>eciam</span> <span class='ocrx_word' id='word_1_267' title='bbox 1003 2082 1181 2122; x_wconf 86' lang='lat' dir='ltr'>potestas</span> <span class='ocrx_word' id='word_1_268' title='bbox 1214 2075 1399 2112; x_wconf 89' lang='lat' dir='ltr'>servandi</span> <span class='ocrx_word' id='word_1_269' title='bbox 1431 2075 1728 2114; x_wconf 89' lang='lat' dir='ltr'>rectitudinem.</span> <span class='ocrx_word' id='word_1_270' title='bbox 1763 2077 1840 2113; x_wconf 91' lang='lat' dir='ltr'>Sed</span> 
     </span>
    </p>

    <p class='ocr_par' dir='ltr' id='par_1_24' title="bbox 528 2130 1839 2182">
     <span class='ocr_line' id='line_1_34' title="bbox 528 2130 1839 2182; baseline 0.004 -16"><span class='ocrx_word' id='word_1_271' title='bbox 528 2130 647 2178; x_wconf 86' lang='lat' dir='ltr'>visus,</span> <span class='ocrx_word' id='word_1_272' title='bbox 682 2131 749 2179; x_wconf 92' lang='lat' dir='ltr'>qui</span> <span class='ocrx_word' id='word_1_273' title='bbox 773 2140 830 2168; x_wconf 91' lang='lat' dir='ltr'>est</span> <span class='ocrx_word' id='word_1_274' title='bbox 853 2131 1179 2179; x_wconf 87' lang='lat' dir='ltr'>instrumentum,</span> <span class='ocrx_word' id='word_1_275' title='bbox 1204 2145 1362 2182; x_wconf 89' lang='lat' dir='ltr'>semper</span> <span class='ocrx_word' id='word_1_276' title='bbox 1385 2133 1486 2170; x_wconf 88' lang='lat' dir='ltr'>inest</span> <span class='ocrx_word' id='word_1_277' title='bbox 1509 2134 1624 2171; x_wconf 91' lang='lat' dir='ltr'>totali</span> <span class='ocrx_word' id='word_1_278' title='bbox 1647 2133 1839 2171; x_wconf 86' lang='lat' dir='ltr'>racionali</span> 
     </span>
    </p>

    <p class='ocr_par' dir='ltr' id='par_1_25' title="bbox 530 2189 1840 2240">
     <span class='ocr_line' id='line_1_35' title="bbox 530 2189 1840 2240; baseline 0.003 -15"><span class='ocrx_word' id='word_1_279' title='bbox 530 2197 725 2236; x_wconf 86' lang='lat' dir='ltr'>creature,</span> <span class='ocrx_word' id='word_1_280' title='bbox 762 2198 806 2225; x_wconf 92' lang='lat' dir='ltr'>ut</span> <span class='ocrx_word' id='word_1_281' title='bbox 837 2189 967 2238; x_wconf 90' lang='lat' dir='ltr'>patuit</span> <span class='ocrx_word' id='word_1_282' title='bbox 999 2203 1141 2239; x_wconf 91' lang='lat' dir='ltr'>supra:</span> <span class='ocrx_word' id='word_1_283' title='bbox 1182 2190 1302 2239; x_wconf 85' lang='lat' dir='ltr'>igitur</span> <span class='ocrx_word' id='word_1_284' title='bbox 1341 2191 1468 2228; x_wconf 90' lang='lat' dir='ltr'>eciam</span> <span class='ocrx_word' id='word_1_285' title='bbox 1501 2200 1690 2240; x_wconf 87' lang='lat' dir='ltr'>potestas.</span> <span class='ocrx_word' id='word_1_286' title='bbox 1737 2193 1840 2229; x_wconf 92' lang='lat' dir='ltr'>Con-</span> 
     </span>
    </p>
   </div>
   <div class='ocr_carea' id='block_1_3' title="bbox 529 2247 1898 2296">
    <p class='ocr_par' dir='ltr' id='par_1_26' title="bbox 529 2247 1898 2296">
     <span class='ocr_line' id='line_1_36' title="bbox 529 2247 1898 2296; baseline 0.003 -13"><span class='ocrx_word' id='word_1_287' title='bbox 529 2247 743 2295; x_wconf 88' lang='lat' dir='ltr'>sequencia</span> <span class='ocrx_word' id='word_1_288' title='bbox 779 2256 890 2296; x_wconf 90' lang='lat' dir='ltr'>patet</span> <span class='ocrx_word' id='word_1_289' title='bbox 929 2260 972 2284; x_wconf 85' lang='lat' dir='ltr'>ex</span> <span class='ocrx_word' id='word_1_290' title='bbox 1010 2247 1284 2286; x_wconf 86' lang='lat' dir='ltr'>similitudine.</span> <span class='ocrx_word' id='word_1_291' title='bbox 1330 2249 1466 2286; x_wconf 87' lang='lat' dir='ltr'>Eciam</span> <span class='ocrx_word' id='word_1_292' title='bbox 1508 2249 1611 2287; x_wconf 89' lang='lat' dir='ltr'>sicut</span> <span class='ocrx_word' id='word_1_293' title='bbox 1649 2262 1689 2286; x_wconf 90' lang='lat' dir='ltr'>se</span> <span class='ocrx_word' id='word_1_294' title='bbox 1722 2250 1842 2287; x_wconf 90' lang='lat' dir='ltr'>habet</span> <span class='ocrx_word' id='word_1_295' title='bbox 1859 2254 1898 2288; x_wconf 79' lang='lat'>35</span> 
     </span>
    </p>
   </div>
   <div class='ocr_carea' id='block_1_4' title="bbox 529 2372 1842 2833">
    <p class='ocr_par' dir='ltr' id='par_1_27' title="bbox 529 2372 1842 2833">
     <span class='ocr_line' id='line_1_37' title="bbox 605 2372 1836 2415; baseline 0.003 -12"><span class='ocrx_word' id='word_1_296' title='bbox 605 2382 631 2403; x_wconf 88' lang='lat'>1.</span> <span class='ocrx_word' id='word_1_297' title='bbox 672 2373 726 2415; x_wconf 90' lang='lat' dir='ltr'>Cf.</span> <span class='ocrx_word' id='word_1_298' title='bbox 759 2373 793 2404; x_wconf 90' lang='lat' dir='ltr'>S.</span> <span class='ocrx_word' id='word_1_299' title='bbox 820 2372 979 2404; x_wconf 82' lang='lat' dir='ltr'>Thomae</span> <span class='ocrx_word' id='word_1_300' title='bbox 1010 2373 1195 2415; x_wconf 86' lang='lat' dir='ltr'>Aquinatis</span> <span class='ocrx_word' id='word_1_301' title='bbox 1228 2375 1372 2406; x_wconf 89' lang='lat' dir='ltr'>Summa</span> <span class='ocrx_word' id='word_1_302' title='bbox 1404 2375 1427 2414; x_wconf 84' lang='grc' dir='ltr'>Ι,</span> <span class='ocrx_word' id='word_1_303' title='bbox 1462 2376 1604 2414; x_wconf 87' lang='lat' dir='ltr'>Quaest.</span> <span class='ocrx_word' id='word_1_304' title='bbox 1631 2374 1686 2415; x_wconf 84' lang='lat'>82,</span> <span class='ocrx_word' id='word_1_305' title='bbox 1721 2376 1795 2407; x_wconf 88' lang='lat' dir='ltr'>Art.</span> <span class='ocrx_word' id='word_1_306' title='bbox 1827 2386 1836 2407; x_wconf 92' lang='lat'>1</span> 
     </span>
     <span class='ocr_line' id='line_1_38' title="bbox 531 2417 1842 2464; baseline 0.002 -14"><span class='ocrx_word' id='word_1_307' title='bbox 531 2417 614 2457; x_wconf 79' lang='lat' dir='ltr'>(Ed.</span> <span class='ocrx_word' id='word_1_308' title='bbox 641 2428 719 2459; x_wconf 80' lang='lat' dir='ltr'>opp.</span> <span class='ocrx_word' id='word_1_309' title='bbox 746 2419 884 2451; x_wconf 83' lang='lat' dir='ltr'>Romae</span> <span class='ocrx_word' id='word_1_310' title='bbox 903 2420 1010 2458; x_wconf 80' lang='grc'><strong><em>1889,</em></strong></span> <span class='ocrx_word' id='word_1_311' title='bbox 1035 2420 1105 2452; x_wconf 67' lang='lat' dir='ltr'>Vol,</span> <span class='ocrx_word' id='word_1_312' title='bbox 1132 2421 1168 2459; x_wconf 89' lang='lat' dir='ltr'>V,</span> <span class='ocrx_word' id='word_1_313' title='bbox 1189 2431 1226 2461; x_wconf 84' lang='lat' dir='ltr'>p.</span> <span class='ocrx_word' id='word_1_314' title='bbox 1249 2422 1356 2461; x_wconf 63' lang='lat'>2503).-</span> <span class='ocrx_word' id='word_1_315' title='bbox 1387 2421 1533 2454; x_wconf 80' lang='lat' dir='ltr'>Videtur</span> <span class='ocrx_word' id='word_1_316' title='bbox 1559 2422 1653 2464; x_wconf 81' lang='lat' dir='ltr'>quod</span> <span class='ocrx_word' id='word_1_317' title='bbox 1678 2422 1842 2454; x_wconf 81' lang='lat' dir='ltr'>voluntas</span> 
     </span>
     <span class='ocr_line' id='line_1_39' title="bbox 530 2464 1841 2509; baseline 0.003 -14"><span class='ocrx_word' id='word_1_318' title='bbox 530 2464 615 2496; x_wconf 82' lang='lat' dir='ltr'>nihil</span> <span class='ocrx_word' id='word_1_319' title='bbox 645 2474 693 2496; x_wconf 86' lang='lat' dir='ltr'>ex</span> <span class='ocrx_word' id='word_1_320' title='bbox 726 2465 938 2497; x_wconf 84' lang='lat' dir='ltr'>necessitate</span> <span class='ocrx_word' id='word_1_321' title='bbox 969 2470 1128 2508; x_wconf 79' lang='lat' dir='ltr'>appetat.</span> <span class='ocrx_word' id='word_1_322' title='bbox 1262 2466 1291 2499; x_wconf 76' lang='lat'>5.</span> <span class='ocrx_word' id='word_1_323' title='bbox 1321 2468 1373 2509; x_wconf 88' lang='lat' dir='ltr'>Cf.</span> <span class='ocrx_word' id='word_1_324' title='bbox 1403 2468 1500 2499; x_wconf 87' lang='lat' dir='ltr'>Lucii</span> <span class='ocrx_word' id='word_1_325' title='bbox 1528 2468 1661 2499; x_wconf 86' lang='lat' dir='ltr'>Annaei</span> <span class='ocrx_word' id='word_1_326' title='bbox 1689 2469 1841 2499; x_wconf 86' lang='lat' dir='ltr'>Senecae</span> 
     </span>
     <span class='ocr_line' id='line_1_40' title="bbox 530 2510 1841 2555; baseline 0.002 -14"><span class='ocrx_word' id='word_1_327' title='bbox 530 2511 572 2541; x_wconf 89' lang='lat' dir='ltr'>ad</span> <span class='ocrx_word' id='word_1_328' title='bbox 601 2510 775 2542; x_wconf 86' lang='lat' dir='ltr'>Lucilium</span> <span class='ocrx_word' id='word_1_329' title='bbox 800 2511 1037 2553; x_wconf 87' lang='lat' dir='ltr'>Epistularum</span> <span class='ocrx_word' id='word_1_330' title='bbox 1064 2512 1250 2544; x_wconf 86' lang='lat' dir='ltr'>Moralium</span> <span class='ocrx_word' id='word_1_331' title='bbox 1278 2513 1353 2545; x_wconf 85' lang='lat' dir='ltr'>Lib.</span> <span class='ocrx_word' id='word_1_332' title='bbox 1379 2514 1424 2545; x_wconf 95' lang='lat' dir='ltr'>IV</span> <span class='ocrx_word' id='word_1_333' title='bbox 1450 2513 1470 2545; x_wconf 84' lang='lat'>8</span> <span class='ocrx_word' id='word_1_334' title='bbox 1497 2515 1592 2555; x_wconf 85' lang='lat' dir='ltr'>(Vol.</span> <span class='ocrx_word' id='word_1_335' title='bbox 1622 2515 1685 2553; x_wconf 86' lang='lat' dir='ltr'>III,</span> <span class='ocrx_word' id='word_1_336' title='bbox 1710 2525 1748 2555; x_wconf 82' lang='lat' dir='ltr'>p.</span> <span class='ocrx_word' id='word_1_337' title='bbox 1779 2515 1841 2554; x_wconf 78' lang='lat'>80,</span> 
     </span>
     <span class='ocr_line' id='line_1_41' title="bbox 529 2556 1840 2601; baseline 0.004 -13"><span class='ocrx_word' id='word_1_338' title='bbox 529 2556 582 2588; x_wconf 86' lang='lat' dir='ltr'>ed.</span> <span class='ocrx_word' id='word_1_339' title='bbox 621 2558 777 2597; x_wconf 80' lang='lat' dir='ltr'>Haase).·</span> <span class='ocrx_word' id='word_1_340' title='bbox 818 2557 985 2600; x_wconf 81' lang='lat' dir='ltr'>Effugere</span> <span class='ocrx_word' id='word_1_341' title='bbox 1022 2568 1089 2591; x_wconf 84' lang='lat' dir='ltr'>non</span> <span class='ocrx_word' id='word_1_342' title='bbox 1123 2563 1228 2600; x_wconf 83' lang='lat' dir='ltr'>potes</span> <span class='ocrx_word' id='word_1_343' title='bbox 1265 2559 1520 2599; x_wconf 81' lang='lat' dir='ltr'>necessitatem,</span> <span class='ocrx_word' id='word_1_344' title='bbox 1550 2564 1655 2601; x_wconf 81' lang='lat' dir='ltr'>potes</span> <span class='ocrx_word' id='word_1_345' title='bbox 1693 2561 1840 2593; x_wconf 84' lang='lat' dir='ltr'>vincere.</span> 
     </span>
     <span class='ocr_line' id='line_1_42' title="bbox 531 2603 1840 2647; baseline 0.004 -14"><span class='ocrx_word' id='word_1_346' title='bbox 531 2612 584 2643; x_wconf 86' lang='lat'>24.</span> <span class='ocrx_word' id='word_1_347' title='bbox 625 2603 677 2646; x_wconf 87' lang='lat' dir='ltr'>Cf.</span> <span class='ocrx_word' id='word_1_348' title='bbox 716 2604 818 2635; x_wconf 88' lang='lat' dir='ltr'>Arist.</span> <span class='ocrx_word' id='word_1_349' title='bbox 856 2603 968 2636; x_wconf 86' lang='lat' dir='ltr'>Ethic.</span> <span class='ocrx_word' id='word_1_350' title='bbox 1008 2605 1141 2636; x_wconf 88' lang='lat' dir='ltr'>Nicom.</span> <span class='ocrx_word' id='word_1_351' title='bbox 1174 2606 1215 2637; x_wconf 89' lang='lat' dir='ltr'>III</span> <span class='ocrx_word' id='word_1_352' title='bbox 1248 2616 1273 2645; x_wconf 85' lang='lat'>1,</span> <span class='ocrx_word' id='word_1_353' title='bbox 1306 2605 1325 2637; x_wconf 82' lang='lat'><strong>6</strong></span> <span class='ocrx_word' id='word_1_354' title='bbox 1365 2607 1448 2647; x_wconf 83' lang='lat' dir='ltr'>(Ed.</span> <span class='ocrx_word' id='word_1_355' title='bbox 1482 2608 1562 2638; x_wconf 80' lang='lat' dir='ltr'>Par.</span> <span class='ocrx_word' id='word_1_356' title='bbox 1596 2608 1636 2638; x_wconf 92' lang='lat' dir='ltr'>II</span> <span class='ocrx_word' id='word_1_357' title='bbox 1663 2607 1721 2646; x_wconf 76' lang='lat'>24,</span> <span class='ocrx_word' id='word_1_358' title='bbox 1756 2608 1840 2646; x_wconf 77' lang='lat'><em>37).-</em></span> 
     </span>
     <span class='ocr_line' id='line_1_43' title="bbox 529 2631 1840 2695; baseline 0.005 -16"><span class='ocrx_word' id='word_1_359' title='bbox 529 2646 604 2680; x_wconf 79' lang='grc' dir='ltr'>Καὶ</span> <span class='ocrx_word' id='word_1_360' title='bbox 640 2648 679 2681; x_wconf 82' lang='grc' dir='ltr'>τὸ</span> <span class='ocrx_word' id='word_1_361' title='bbox 717 2645 884 2681; x_wconf 79' lang='grc' dir='ltr'><em>ἑκούσιον</em></span> <span class='ocrx_word' id='word_1_362' title='bbox 920 2647 964 2692; x_wconf 83' lang='grc' dir='ltr'>δὴ</span> <span class='ocrx_word' id='word_1_363' title='bbox 1003 2662 1063 2682; x_wconf 83' lang='grc' dir='ltr'>και</span> <span class='ocrx_word' id='word_1_364' title='bbox 1100 2647 1142 2683; x_wconf 84' lang='grc' dir='ltr'>τὸ</span> <span class='ocrx_word' id='word_1_365' title='bbox 1181 2649 1365 2693; x_wconf 79' lang='grc' dir='ltr'><em>ἀκούσιον,</em></span> <span class='ocrx_word' id='word_1_366' title='bbox 1403 2648 1463 2684; x_wconf 73' lang='grc' dir='ltr'>ὅτε</span> <span class='ocrx_word' id='word_1_367' title='bbox 1494 2651 1655 2695; x_wconf 76' lang='grc' dir='ltr'>πράττει,</span> <span class='ocrx_word' id='word_1_368' title='bbox 1687 2631 1840 2685; x_wconf 53' lang='grc' dir='ltr'><em>λέκτέον.</em></span> 
     </span>
     <span class='ocr_line' id='line_1_44' title="bbox 529 2693 1840 2753; baseline 0.005 -28"><span class='ocrx_word' id='word_1_369' title='bbox 529 2693 689 2749; x_wconf 78' lang='grc' dir='ltr'><em>Πράττει</em></span> <span class='ocrx_word' id='word_1_370' title='bbox 714 2693 753 2727; x_wconf 79' lang='grc' dir='ltr'>δὲ</span> <span class='ocrx_word' id='word_1_371' title='bbox 780 2693 889 2728; x_wconf 23' lang='lat' dir='ltr'>{ſtruma}</span> <span class='ocrx_word' id='word_1_372' title='bbox 915 2693 976 2728; x_wconf 84' lang='grc' dir='ltr'>καὶ</span> <span class='ocrx_word' id='word_1_373' title='bbox 1000 2695 1066 2740; x_wconf 80' lang='grc' dir='ltr'>γὰρ</span> <span class='ocrx_word' id='word_1_374' title='bbox 1093 2694 1115 2740; x_wconf 81' lang='grc' dir='ltr'><em>ἡ</em></span> <span class='ocrx_word' id='word_1_375' title='bbox 1137 2695 1230 2752; x_wconf 78' lang='grc' dir='ltr'><em>ἀρχὴ</em></span> <span class='ocrx_word' id='word_1_376' title='bbox 1257 2700 1321 2730; x_wconf 81' lang='grc' dir='ltr'>τοῦ</span> <span class='ocrx_word' id='word_1_377' title='bbox 1346 2699 1458 2730; x_wconf 71' lang='grc' dir='ltr'><em>κινεῖν</em></span> <span class='ocrx_word' id='word_1_378' title='bbox 1482 2696 1526 2730; x_wconf 81' lang='grc' dir='ltr'>τὰ</span> <span class='ocrx_word' id='word_1_379' title='bbox 1554 2696 1725 2753; x_wconf 77' lang='grc' dir='ltr'><em>ὀργανικὰ</em></span> <span class='ocrx_word' id='word_1_380' title='bbox 1750 2697 1840 2741; x_wconf 78' lang='grc' dir='ltr'><em>μέρη</em></span> 
     </span>
     <span class='ocr_line' id='line_1_45' title="bbox 529 2737 1841 2788; baseline 0.005 -16"><span class='ocrx_word' id='word_1_381' title='bbox 529 2737 569 2772; x_wconf 84' lang='lat' dir='ltr'>5v</span> <span class='ocrx_word' id='word_1_382' title='bbox 600 2742 679 2778; x_wconf 79' lang='grc' dir='ltr'><em>ταῖς</em></span> <span class='ocrx_word' id='word_1_383' title='bbox 710 2741 897 2780; x_wconf 81' lang='grc' dir='ltr'><em>τοιαύταις</em></span> <span class='ocrx_word' id='word_1_384' title='bbox 927 2742 1101 2783; x_wconf 76' lang='grc' dir='ltr'><em>πράξεσιν</em></span> <span class='ocrx_word' id='word_1_385' title='bbox 1131 2740 1170 2775; x_wconf 76' lang='grc' dir='ltr'>ἐν</span> <span class='ocrx_word' id='word_1_386' title='bbox 1200 2742 1298 2788; x_wconf 80' lang='grc' dir='ltr'><strong><em>αὐτῷ</em></strong></span> <span class='ocrx_word' id='word_1_387' title='bbox 1332 2741 1443 2776; x_wconf 77' lang='grc' dir='ltr'><em>ἐστίν·</em></span> <span class='ocrx_word' id='word_1_388' title='bbox 1484 2741 1536 2777; x_wconf 87' lang='grc' dir='ltr'>ὧν</span> <span class='ocrx_word' id='word_1_389' title='bbox 1566 2744 1597 2777; x_wconf 79' lang='grc' dir='ltr'>δ’</span> <span class='ocrx_word' id='word_1_390' title='bbox 1622 2741 1661 2777; x_wconf 73' lang='grc' dir='ltr'>ἐν</span> <span class='ocrx_word' id='word_1_391' title='bbox 1693 2743 1790 2777; x_wconf 81' lang='grc' dir='ltr'><em>αὐτῶ</em></span> <span class='ocrx_word' id='word_1_392' title='bbox 1819 2743 1841 2787; x_wconf 83' lang='grc' dir='ltr'>ἡ</span> 
     </span>
     <span class='ocr_line' id='line_1_46' title="bbox 531 2784 1343 2833; baseline 0.005 -15"><span class='ocrx_word' id='word_1_393' title='bbox 531 2784 620 2830; x_wconf 78' lang='grc' dir='ltr'><em>ἀρχὴ</em></span> <span class='ocrx_word' id='word_1_394' title='bbox 646 2784 700 2819; x_wconf 76' lang='grc' dir='ltr'>ἐπ’</span> <span class='ocrx_word' id='word_1_395' title='bbox 727 2786 824 2832; x_wconf 79' lang='grc' dir='ltr'><em>αὐτῷ</em></span> <span class='ocrx_word' id='word_1_396' title='bbox 852 2786 913 2820; x_wconf 83' lang='grc' dir='ltr'>καὶ</span> <span class='ocrx_word' id='word_1_397' title='bbox 937 2786 978 2822; x_wconf 82' lang='grc' dir='ltr'>τὸ</span> <span class='ocrx_word' id='word_1_398' title='bbox 1004 2789 1176 2833; x_wconf 77' lang='grc' dir='ltr'><em>πράττειν</em></span> <span class='ocrx_word' id='word_1_399' title='bbox 1200 2788 1260 2822; x_wconf 81' lang='grc' dir='ltr'>καὶ</span> <span class='ocrx_word' id='word_1_400' title='bbox 1283 2789 1343 2833; x_wconf 87' lang='grc' dir='ltr'>μή.</span> 
     </span>
    </p>
   </div>
  </div>
 </body>
</html>
