2056 3234
163 852 200 872 lO

163 1128 198 1160 15

159 1428 200 1448 20

159 1705 197 1737 25

217 211 305 238 CAP-
326 210 407 238 VIII·
542 213 600 244 DE
628 212 749 244 ENTE
779 212 1197 243 PREDICAMENTALI.

217 319 419 363 illicitam;
445 327 481 354 et
505 317 605 353 infra
632 318 722 365 370:
758 319 899 363 „Pater
923 329 1005 353 rem
1029 317 1173 353 tacitus
1198 317 1522 364 considerabat'',

217 376 381 421 scilicet,
415 377 523 423 quod
546 376 692 422 Joseph
726 374 780 410 sic
810 374 1064 422 sompniavit,
1100 383 1136 410 et
1173 375 1265 411 380:
1304 375 1523 422 „percussit

218 446 306 469 eum
341 433 527 468 dominus
561 445 619 478 eo,
654 434 762 480 quod
796 444 879 468 rem
913 432 1190 468 detestabilem
1223 433 1412 478 faceret'',
1447 446 1523 480 que

217 503 278 526 res
319 490 390 526 fuit
432 489 571 526 effusio
610 489 772 525 seminis
811 489 851 525 in
890 498 1010 535 terra,
1056 498 1092 525 et
1134 493 1209 535 440
1254 490 1332 535 (dic
1374 492 1522 535 Laban,

217 548 309 596 quia
342 557 447 584 terra
471 547 605 595 effugit
627 549 749 583 Jacob
774 560 863 583 cum
887 547 1002 592 suis):
1041 547 1280 594 „pessimam
1306 560 1388 583 rem
1413 547 1525 584 fecis-

216 606 306 641 tis.''
361 607 408 640 Et
453 608 570 641 Num.
613 608 681 640 110
729 604 887 650 dicitur,
940 606 1049 652 quod
1093 604 1219 652 Moysi
1272 604 1525 641 intoleranda

216 675 277 698 res
315 662 397 699 visa
436 671 506 708 est,
551 661 715 707 scilicet,
761 663 869 710 quod
908 662 1080 709 populus
1119 662 1174 698 sic
1213 663 1524 699 remurmuravit

217 729 356 756 contra
380 719 586 756 dominum
604 732 675 767 pro
692 732 759 755 esu
775 721 880 764 Man,
900 728 936 754 et
951 719 1084 767 primo
1100 721 1250 767 Regum
1269 724 1333 756 20:
1362 751 1378 771 ,7
1389 722 1522 766 Quare

216 777 345 813 facitis
390 790 450 813 res
491 777 735 823 huiusmodi,
782 789 880 824 quas
920 789 991 824 ego
1031 777 1166 823 audio,
1213 790 1274 813 res
1316 779 1523 825 pessimas,

216 836 264 871 ab
298 835 407 871 omni
441 835 643 882 populo?''
680 837 754 870 Iste
778 842 910 870 autem
946 847 1006 870 res
1033 843 1144 871 erant
1178 835 1414 871 concubitus
1434 849 1523 871 curn

218 892 451 928 mulieribus
491 894 540 928 ad
573 892 704 928 hostia
743 892 1020 928 thabernaculi
1061 901 1098 928 et
1137 893 1288 940 rapine.
1336 895 1383 929 Et
1424 893 1524 929 infra

218 954 310 995 240:
354 949 588 998 „Propicius
621 950 670 985 sit
695 949 816 986 michi
841 949 1041 995 dominus,
1074 962 1123 986 ne
1147 950 1291 986 faciam
1317 952 1418 987 hanc
1441 964 1524 986 rem

218 1007 381 1044 domino
416 1020 517 1054 meo,
553 1007 701 1043 christo
736 1007 902 1053 domini,
939 1016 979 1043 ut
1014 1007 1170 1044 mittam
1196 1021 1358 1044 manum
1393 1021 1523 1044 meam

216 1065 256 1100 in
289 1066 422 1101 eum.''
457 1067 505 1100 Et
537 1066 713 1101 secundo
748 1067 897 1113 Regum
940 1078 999 1101 11:
1042 1068 1158 1117 ⁷7Non
1192 1074 1229 1101 te
1262 1066 1418 1113 frangat
1451 1066 1526 1102 ista

217 1123 319 1168 res,'’
354 1122 518 1169 scilicet,
552 1124 660 1171 quod
694 1135 785 1170 pars
819 1122 1011 1159 exercitus
1045 1131 1101 1158 est
1125 1132 1304 1169 mortua3
1340 1133 1376 1160 et
1399 1124 1524 1160 tercio

216 1182 365 1228 Regum
392 1191 464 1226 24:
501 1181 629 1231 „hanc
653 1193 735 1217 rem
760 1181 889 1216 facere
918 1193 998 1216 non
1024 1182 1230 1228 possum⁷',
1255 1181 1405 1218 scilicet
1430 1183 1525 1217 dare

215 1239 405 1274 Benadad
427 1251 567 1275 uxores
601 1246 637 1274 et
667 1238 827 1283 liberos,
862 1247 897 1274 et
927 1242 974 1284 40
998 1240 1147 1285 Regum
1174 1242 1238 1275 20:
1266 1241 1387 1287 „Rem
1424 1239 1524 1275 diffi-

216 1296 330 1332 cilem
365 1295 619 1344 postulasti,”
655 1295 820 1341 scilicet,
854 1297 962 1343 quod
995 1295 1157 1344 spiritus
1183 1297 1327 1344 duplus
1350 1297 1460 1333 fieret
1484 1297 1522 1332 in

215 1362 265 1389 te.
315 1355 363 1389 Et
396 1355 445 1390 ad
479 1355 600 1389 Hebr.
636 1355 680 1389 60
713 1362 828 1389 vocat
861 1354 1078 1401 Apostolus
1111 1354 1450 1401 pollicitacionem
1487 1364 1523 1390 et

216 1410 491 1447 iusiurandum
533 1410 603 1447 Dei
647 1412 772 1463 „duas
812 1423 872 1447 res
911 1411 1182 1457 immobiles'',
1229 1421 1265 1448 et
1305 1412 1371 1458 ita,
1420 1412 1521 1448 sicut

215 1469 254 1504 in
299 1468 442 1505 maiori
481 1477 594 1516 parte
633 1469 832 1516 scriptura
876 1469 1126 1505 demonstrat
1172 1470 1412 1517 pronomine
1453 1483 1522 1517 per

1762 220 1810 254 77

1601 1419 1701 1446 “Res''
1722 1420 1748 1446 is

1544 1455 1717 1493 lepeatedly
1738 1455 1811 1482 used

1536 1490 1583 1516 tor
1604 1490 1730 1516 lelation
1752 1490 1810 1516 and

215 1539 254 1562 se
293 1526 425 1574 posito
464 1527 575 1573 tales,
621 1539 696 1573 que
734 1539 815 1562 non
853 1535 1020 1574 possunt
1059 1539 1142 1562 esse
1180 1528 1421 1574 substancie,
1467 1529 1521 1564 sic
1542 1524 1630 1551 0100·
1649 1525 1808 1551 mersum

215 1584 254 1620 in
289 1584 431 1620 maiori
464 1593 576 1632 parte
611 1585 686 1620 hoc
718 1584 880 1620 nomine
921 1585 1038 1620 “res''
1085 1584 1270 1632 intelligit
1318 1594 1521 1633 respectus

214 1642 274 1678 vel
319 1642 417 1677 alias
460 1641 647 1678 veritates
694 1651 801 1678 extra
845 1654 968 1689 genus
1020 1643 1261 1689 substancie,
1315 1643 1521 1691 qualitatis

214 1700 273 1735 vel
307 1699 555 1747 quantitatis.
603 1700 911 1736 Conformemus
945 1712 1039 1747 ergo
1072 1712 1144 1736 nos
1178 1702 1300 1737 modo
1333 1702 1521 1748 loquendi

215 1756 424 1805 scripture,
442 1756 624 1793 habentis
639 1756 944 1793 subtilissimum
963 1767 998 1793 et
1015 1757 1337 1805 propriissimum
1357 1761 1520 1794 modum

215 1814 419 1862 loquendi,
460 1814 702 1863 specialiter,
743 1828 832 1851 cum
873 1828 1021 1851 nomen
1060 1815 1108 1851 sit
1146 1828 1218 1851 vox
1258 1816 1522 1864 significativa

214 1874 263 1908 ad
302 1872 494 1920 placitum
536 1881 572 1908 et
610 1885 690 1908 non
730 1873 854 1908 subsit
894 1872 1003 1909 racio
1042 1873 1213 1920 negandi
1248 1874 1423 1921 positum
1463 1875 1522 1910 vel

213 1929 469 1977 peticionem,
503 1943 582 1978 qua
604 1930 694 1966 talis
718 1930 929 1978 imposicio
954 1930 1102 1978 petitur
1124 1931 1256 1978 gracia
1281 1932 1519 1979 argumenti.

272 1989 359 2032 Qua
392 1987 591 2036 peticione
615 1988 790 2024 admissa
822 1990 1030 2036 probatur,
1064 1990 1171 2036 quod
1206 1998 1262 2025 est
1293 1991 1389 2025 dare
1422 1991 1521 2026 rela-

215 2045 348 2081 ciones
382 2046 506 2081 reales
541 2058 583 2081 ex
606 2054 719 2093 parte
754 2045 808 2081 rei
842 2055 975 2093 preter
1008 2046 1119 2094 signa
1143 2047 1202 2082 vel
1236 2046 1370 2094 aliqua
1404 2049 1521 2083 abso-

284 2179 311 2206 6.
336 2179 429 2206 coast:
448 2179 653 2207 intolerando.
723 2178 763 2226 f}
787 2179 880 2207 Cod:
908 2188 963 2215 pro
984 2188 1056 2207 esau
1074 2181 1077 2214 1
1096 2188 1165 2207 man
1184 2181 1188 2214 1
1205 2181 1282 2213 (sic).
1364 2189 1402 2216 17-
1428 2181 1521 2208 (lod..-

216 2225 368 2252 sseuadab.
440 2233 483 2253 22.
505 2227 588 2259 tales]
610 2227 697 2254 md..-
715 2229 782 2259 tles‚
804 2234 863 2253 vox
882 2230 1041 2262 corrupta.

289 2319 314 2339 ι.
355 2311 441 2341 Gen.
475 2311 535 2348 37,
568 2312 613 2342 Il.
742 2321 772 2342 2.
813 2312 899 2342 Gen.
936 2312 998 2349 38,
1025 2312 1080 2341 10.
1210 2321 1243 2351 4.
1283 2313 1369 2344 Gen.
1403 2312 1463 2351 44,
1490 2314 1523 2344 5.

215 2353 246 2385 G.
286 2354 394 2386 Num.
425 2358 472 2396 11,
510 2358 563 2388 10.
734 2355 765 2387 8.
807 2356 830 2388 I.
865 2357 952 2399 Reg.
991 2358 1023 2395 2,
1057 2358 1106 2387 23
1142 2355 1384 2388 huiuscemodi
1424 2359 1523 2400 Vulg.

220 2410 269 2431 12.
302 2401 327 2432 J.
356 2402 446 2443 Reg.
472 2402 530 2440 24,
562 2403 593 2433 7.
723 2413 772 2443 14.
806 2403 852 2434 II.
882 2404 970 2445 Reg.
997 2404 1128 2443 11‚25.
1264 2403 1313 2434 16.
1343 2404 1405 2435 III.
1435 2405 1523 2446 Reg.

217 2449 270 2486 20,
298 2450 326 2477 ,0.
407 2458 455 2489 17.
484 2448 542 2478 IV.
570 2449 656 2490 Reg.
684 2451 716 2487 2
742 2451 797 2481 10.
874 2429 1057 2485 1‹>.⁰Hebr.
1088 2451 1118 2486 6,
1144 2451 1199 2481 18.
1275 2451 1326 2483 32.
1349 2450 1402 2492 Cf.
1421 2451 1523 2481 Arist.

217 2493 289 2524 Cat.
316 2494 345 2524 V
374 2493 457 2534 [VII]
486 2493 505 2524 8
533 2495 616 2534 (Ed.
642 2496 726 2527 Par.
758 2495 776 2526 I
796 2497 846 2534 10,
873 2497 922 2534 ·‘›').
955 2493 1083 2526 Πάντα
1108 2492 1148 2526 δὲ
1181 2493 1224 2526 τὰ
1250 2493 1341 2537 πρός
1371 2506 1404 2526 τι
1434 2493 1525 2538 πρὸς

215 2537 500 2580 ἀντιστρέφοντα
531 2539 679 2581 λέγεται,
710 2536 790 2572 οἷον
816 2538 834 2572 ὁ
861 2539 989 2577 δοῦλος
1021 2538 1198 2572 δεσπότου
1224 2540 1353 2579 δοῦλος
1376 2541 1524 2583 λέγεται,

215 2595 273 2615 και
305 2582 324 2616 ὁ
363 2583 539 2639 δεσπότης
575 2584 706 2618 δούλου
748 2584 939 2628 δεσπότης·
979 2584 1039 2618 καὶ
1077 2585 1117 2618 τὸ
1155 2586 1343 2619 διπλάσιον
1379 2585 1525 2629 ἡμισεος

216 2628 414 2685 διπλάσιον,
456 2630 516 2662 καὶ
552 2628 593 2663 τὸ
630 2629 739 2674 η’μισυ
777 2631 966 2664 διπλασίου
1003 2630 1112 2674 ἥμισυ
1139 2658 1146 2664 .
1167 2657 1174 2664 .
1195 2658 1201 2664 .
1222 2658 1229 2664 .
1262 2633 1448 2671 ,Ωσαύτως
1485 2633 1523 2665 δὲ

216 2674 274 2707 καὶ
300 2673 358 2708 ἐπὶ
383 2680 457 2708 τῶν
487 2676 614 2719 ἄλλων,
650 2676 758 2731 πλὴν
771 2681 813 2721 τῆ
845 2678 980 2710 πτώσει
1017 2676 1131 2710 {mors
1168 2678 1295 2711 ὃιοισει
1332 2678 1422 2711 κατὰ
1460 2678 1525 2721 τὴν

217 2720 320 2762 λέξιν,
362 2719 440 2754 οἷον
480 2722 501 2765 ἡ
543 2720 704 2778 ἒπστημη
744 2720 937 2766 ἐπιστητοῦ
978 2723 1115 2765 λέγεται
1154 2721 1341 2768 ἐπιστημη7
1383 2724 1442 2757 καὶ
1484 2726 1522 2758 τὸ

217 2764 407 2810 ἐπιστητὸν
432 2765 604 2812 ἐπιστήμη
630 2767 833 2812 ἐπιστητόν,
858 2782 917 2802 και
943 2769 964 2812 ἡ
991 2770 1162 2812 αἰσθησις
1187 2769 1366 2814 αἰσθητοῦ
1393 2770 1523 2814 αἰσθη-

212 2824 282 2853 ο-,ις
307 2826 361 2845 και
391 2815 429 2847 τὸ
457 2813 636 2857 αἰσθητὸν
661 2814 833 2857 αἷσθησει
860 2814 1048 2858 αἰσθητόν

1543 1566 1592 1585 me
1612 1559 1733 1585 outside
1754 1559 1805 1585 the

1600 1601 1697 1627 genus
1718 1594 1752 1620 os

1590 1613 1765 1659 substance

1579 1664 1718 1698 quantity
1739 1671 1774 1689 οι

1613 1693 1740 1733 (μιῑιΗῖ5.

1553 1996 1654 2024 There
1675 1998 1700 2025 is
1721 1999 1789 2026 then

1571 2041 1587 2059 a
1608 2033 1733 2060 relation
1755 2034 1790 2061 os

1624 2068 1729 2102 things

1545 2102 1754 2137 independent
1774 2103 1808 2129 of

1566 2138 1645 2164 their
1665 2145 1783 2164 names,
