2056 3234
192 188 279 216 CAP.
301 187 340 215 V.
514 190 572 220 DE
601 189 722 220 ENTE
750 188 1170 220 PREDICAMENTALI.

192 298 240 332 de
271 295 479 344 potenciis,
514 294 845 343 pretericionibus
878 303 915 330 et
947 293 1253 330 futuricionibus
1287 306 1377 330 curn
1410 293 1498 330 aliis

190 353 436 400 veritatibus,
471 366 569 401 quas
602 352 753 389 claudit
776 352 1143 389 contradiccionem
1177 364 1257 387 non
1291 364 1395 398 esse;
1429 352 1497 387 sed

191 424 330 448 omnes
368 410 595 448 substancie
635 419 726 447 sunt
759 419 904 456 create,
944 419 987 446 ut
1020 409 1083 446 hic
1115 408 1368 457 supponitur,
1403 421 1497 456 ergo

191 470 299 505 nulle
331 468 558 506 substancie
591 469 737 504 habent
770 468 866 504 talia
900 467 1129 504 accidencia
1162 467 1238 503 illis
1271 465 1494 503 formaliter

159 527 460 564 5inexistencia.
506 529 554 562 Et
600 525 859 562 confirmacio
904 525 1016 561 istius
1060 524 1232 561 racionis
1272 533 1340 570 est,
1390 525 1497 572 quod

190 586 301 632 ydee,
332 597 410 633 que
438 593 530 620 sunt
553 583 735 621 raciones
765 584 1022 631 exemplares,
1053 592 1247 619 vocantur
1270 581 1497 618 substancie

190 651 271 678 tarn
311 651 408 690 aput
445 641 631 690 antiquos
671 654 791 690 quarn
837 649 933 689 aput
976 642 1202 687 modernos,
1249 639 1343 688 quia
1381 639 1496 675 aliter

190 712 269 736 non
303 708 432 736 essent
465 699 705 736 universalia
739 699 778 735 in
812 710 956 745 genere
989 698 1229 744 substancie,
1263 710 1336 733 nec
1369 697 1497 733 forme

190 758 435 805 exemplares
500 757 725 803 creatrices,
784 765 827 793 ut
885 755 981 792 dicit
1040 755 1301 792 Lincoliensis
1364 754 1496 802 primo

137 831 174 851 lo
191 815 461 862 posteriorum
497 819 541 862 70
575 824 612 852 et
634 814 880 863 Augustinus
919 813 1177 849 conclusione
1205 826 1272 859 47,
1312 812 1405 861 quia
1438 812 1496 847 in-

190 873 309 909 dubie
340 874 438 920 ydee
475 885 556 909 non
595 881 687 909 sunt
719 873 847 908 forme
885 870 1170 916 accidentales3
1209 883 1282 907 nec
1315 870 1494 915 dubium,

188 931 285 978 quin
317 939 408 967 sunt
429 930 615 967 veritates
648 930 746 966 tales
779 938 925 975 eterne,
958 937 1001 964 ut
1033 928 1185 977 patebit
1207 927 1425 976 posterius3
1461 936 1497 963 et

187 997 381 1024 vocantur
425 988 553 1024 forme
597 989 646 1025 ab
678 987 913 1035 Augustino,
967 987 1035 1022 ubi
1088 999 1221 1034 supra,
1275 985 1368 1034 quia
1421 984 1497 1020 illis

188 1046 413 1082 formantur
458 1045 738 1094 exemplariter
785 1057 846 1081 res
892 1046 1072 1089 adextra;
1121 1046 1226 1080 Deus
1272 1043 1375 1079 enim
1417 1055 1497 1078 non

135 1108 318 1151 15potest
351 1104 574 1151 producere
607 1116 688 1140 rem
725 1104 898 1149 adextra,
938 1102 1014 1138 nisi
1047 1102 1264 1138 secundum
1302 1101 1383 1137 eius
1407 1113 1498 1148 pro-

186 1161 493 1197 ducibilitatem.

246 1221 327 1255 Nec
349 1220 524 1256 secunda
547 1219 656 1256 racio
678 1219 782 1255 valet
805 1226 969 1266 propter
994 1218 1131 1253 multa.
1166 1216 1301 1252 Primo
1320 1229 1389 1264 per
1408 1217 1495 1261 hoc,

188 1276 280 1324 quia
325 1289 395 1324 per
427 1289 467 1313 se
500 1279 681 1313 substare
713 1276 987 1312 accidentibus
1021 1274 1214 1311 absolutis
1246 1274 1400 1311 videtur
1433 1286 1496 1310 ac-

188 1335 319 1370 cidere
352 1334 503 1382 angelis
537 1343 573 1370 et
606 1334 693 1371 aliis
727 1333 861 1369 multis
894 1333 1145 1377 substanciis,
1181 1345 1268 1368 cum
1303 1340 1380 1367 stat
1413 1331 1496 1367 sine

131 1407 172 1427 20
187 1392 511 1428 contradiccione
526 1392 708 1440 spiritum
726 1392 846 1427 talem
864 1403 945 1427 esse
961 1391 1043 1426 sine
1059 1389 1250 1438 qualitate
1265 1390 1325 1426 vel
1340 1390 1496 1437 quanti-

187 1459 268 1485 tate
300 1449 374 1485 sibi
408 1449 646 1486 accidentali
681 1458 716 1485 et
741 1462 762 1485 a
785 1449 871 1496 pari
905 1448 989 1484 sine
1021 1448 1227 1484 accidente
1260 1447 1494 1495 respectivo.

246 1508 431 1543 Secundo
464 1507 686 1555 supposito,
733 1508 841 1554 quod
875 1505 1104 1542 substancia
1138 1518 1219 1541 non
1252 1505 1378 1553 possit
1411 1517 1494 1541 esse

186 1565 270 1600 sine
303 1565 372 1600 tali
411 1564 631 1610 accidente,
679 1566 810 1601 adhuc
844 1563 954 1611 prius
994 1563 1231 1599 naturaliter
1271 1572 1328 1599 est
1373 1575 1491 1610 quarn

188 1624 341 1658 substat
374 1622 444 1658 tali
478 1622 688 1667 accidenti,
733 1623 794 1658 vel
839 1623 947 1670 quod
993 1622 1112 1657 habet
1145 1620 1408 1668 aptitudinem
1445 1621 1494 1656 ad

129 1684 168 1716 25
187 1681 451 1716 substandum
485 1680 554 1716 tali
589 1680 806 1725 accidenti,
841 1692 936 1726 ergo
970 1692 1059 1715 curn
1094 1691 1175 1714 non
1207 1678 1257 1714 sit
1291 1678 1400 1726 prior
1423 1690 1494 1713 sua

187 1738 359 1783 racione,
413 1747 536 1786 patet,
589 1739 697 1786 quod
750 1739 823 1774 hec
867 1750 947 1773 non
992 1745 1049 1772 est
1095 1735 1203 1772 racio
1251 1735 1492 1781 substancie,

181 1808 259 1843 qua
293 1804 350 1831 est
382 1795 604 1832 formaliter
637 1795 878 1831 substancia.

240 1853 511 1890 Confirmacio
556 1854 682 1890 tercio
728 1862 783 1889 est
817 1865 888 1900 per
931 1853 1020 1897 hoc,
1065 1853 1174 1900 quod
1218 1852 1326 1887 nulla
1360 1851 1492 1899 passio

182 1911 381 1958 posterior
425 1911 605 1948 subiecto
639 1920 697 1947 est
729 1911 852 1956 racio,
899 1910 993 1958 quia
1026 1909 1252 1946 subiectum
1299 1918 1356 1945 est
1394 1909 1493 1945 illud

249 2069 280 2102 9.
309 2059 363 2101 Cf.
381 2059 638 2090 Commentaria
657 2058 799 2090 Roberti
821 2058 1051 2089 Lincoliensis
1078 2058 1111 2088 in
1128 2057 1236 2089 libros
1255 2057 1491 2088 Posteriorum

180 2106 374 2136 Aristotelis
413 2115 486 2147 cap.
526 2116 544 2147 7
584 2105 667 2144 (Ed.
698 2106 777 2138 Ven.
809 2106 840 2147 f.
874 2106 923 2145 7):
968 2104 1194 2145 Cognitiones
1239 2104 1331 2135 enim
1372 2113 1490 2136 rerum

180 2152 458 2190 causandarurm
498 2161 562 2194 que
592 2153 744 2194 suerunt
785 2151 819 2183 in
860 2160 968 2183 causa
1002 2151 1136 2192 prima,
1176 2151 1384 2182 eternaliter
1410 2154 1491 2180 sunt

181 2198 340 2230 rationes
368 2208 484 2230 rerum
512 2197 780 2229 causandarum
807 2201 841 2229 et
872 2206 976 2228 cause
990 2197 1171 2238 formales
1197 2197 1432 2237 exemplares,
1458 2199 1493 2227 et

182 2243 254 2286 ipse
280 2249 362 2276 sunt
387 2244 590 2284 creatriceS,
630 2248 662 2276 et
689 2244 752 2276 lzec
778 2248 870 2282 sunt,
902 2252 988 2284 quas
1014 2242 1155 2274 vocavit
1181 2243 1285 2274 Plato
1302 2242 1427 2283 ydeas
1458 2246 1492 2274 et

182 2290 351 2322 mundum
380 2289 628 2331 archetypum,
663 2294 697 2322 et
724 2290 786 2322 hec
812 2293 894 2321 sunt
925 2289 1118 2321 secundum
1156 2289 1271 2330 ipsum
1298 2297 1432 2330 genera
1458 2292 1491 2319 et

180 2337 308 2377 species
339 2340 373 2369 et
402 2336 583 2378 principia
618 2340 692 2368 tam
726 2335 864 2368 essendi
889 2345 993 2377 quam
1021 2334 1271 2377 cognoscendi,
1306 2334 1386 2375 quia
1412 2344 1489 2366 cum

182 2382 378 2415 intellectus
391 2393 507 2424 purus
522 2386 639 2424 potest
661 2383 694 2414 in
714 2382 766 2414 ln's
785 2382 939 2423 defigere
959 2381 1140 2419 intuitum,
1159 2381 1193 2412 in
1214 2380 1288 2413 istis
1309 2381 1491 2412 verissime

180 2433 213 2460 et
232 2428 521 2471 manifestissime
537 2429 719 2470 cognoscit
738 2437 792 2460 res
811 2432 966 2466 creatas,
986 2431 1017 2459 et
1035 2437 1102 2459 non
1123 2427 1235 2458 solum
1256 2436 1311 2459 res
1335 2430 1490 2465 creatas,

180 2474 241 2506 sed
266 2475 379 2516 ipsam
407 2475 518 2507 lucem
540 2475 715 2516 primam,
741 2475 775 2506 in
803 2484 871 2516 qua
899 2474 1078 2516 cognoscit
1102 2478 1231 2505 cetera.
1333 2483 1381 2504 10.
1409 2473 1488 2504 Non

181 2525 310 2552 extant
337 2520 621 2560 „conclusiones”
648 2520 845 2561 Augustini,
877 2520 937 2552 sed
970 2529 1059 2562 quae
1090 2520 1153 2551 hoc
1184 2519 1260 2551 Ioco
1287 2529 1309 2551 a
1342 2519 1489 2559 W'iclifio

180 2571 460 2599 commemorata
493 2576 566 2599 esse
591 2567 766 2605 videntur,
794 2566 1019 2597 inveniuntur
1045 2566 1079 2597 in
1113 2574 1218 2607 opere
1242 2565 1394 2597 eiusdem
1422 2565 1490 2596 viri

180 2613 296 2645 sancti
321 2613 372 2644 De
397 2613 532 2644 DiverIs
561 2612 833 2651 Quaestionibus
859 2612 966 2643 XLVI
1002 2612 1084 2653 (non
1111 2611 1218 2652 XLII)
1246 2611 1385 2654 (Migne
1412 2610 1491 2647 XL,

179 2660 244 2692 col.
272 2661 352 2700 30).·
378 2659 470 2691 Sunt
495 2669 648 2701 namque
673 2659 773 2691 ideae
794 2659 1013 2700 principales
1032 2659 1182 2699 formae
1215 2657 1402 2699 quaedam,
1437 2657 1490 2689 vel

182 2705 341 2738 rationes
374 2714 492 2737 rerum
526 2706 670 2737 stabiles
696 2709 802 2746 atque
833 2704 1151 2743 incommutabiles,
1178 2714 1268 2743 quae
1294 2704 1391 2745 ipsae
1405 2703 1489 2744 sor-

182 2755 304 2783 matae
342 2761 408 2783 non
443 2756 536 2789 sunt,
574 2761 618 2782 ac
644 2761 713 2792 per
744 2753 809 2782 lzoc
841 2755 1007 2783 aeternae
1045 2760 1088 2782 ac
1119 2750 1239 2781 eodem
1276 2750 1378 2781 niodo
1416 2758 1490 2781 sese

183 2797 361 2836 habentes,
388 2807 477 2839 quae
503 2798 537 2829 in
565 2797 687 2828 divina
715 2797 947 2839 intelligentia
972 2797 1209 2828 continentur.

1304 2854 1320 2886 3
1331 2854 1351 2872 -:-:-

1733 179 1778 214 35
