2056 3234
169 817 207 837 10

164 1961 205 1993 30

164 2247 202 2281 ‘55

223 178 310 206 CAP-
332 178 441 206 XVIII·
548 181 607 212 DE
634 180 757 212 ENTE
786 178 1206 211 PREDICAMENTALI.
1746 173 1820 218 169

282 288 329 321 Et
362 287 437 322 hoc
470 285 664 333 contingit
704 284 917 333 dupliciter
955 297 1053 320 sano
1094 284 1332 332 intelligere3
1377 286 1437 321 vel
1476 285 1532 320 in·
1575 292 1692 331 Itoniae
1713 301 1801 319 sense

224 343 440 391 telligendo
480 343 673 379 terminos
713 342 992 391 personaliter,
1032 350 1073 378 ut
1106 341 1334 389 significant
1374 342 1533 379 habitus
1571 328 1600 354 Οἱ
1623 332 1723 389 HJJ&
1742 328 1800 354 and

224 401 413 449 positivos
457 400 713 437 inclinativos
746 402 795 437 ad
835 409 946 437 actus
986 400 1083 435 tales
1122 399 1322 448 simplices
1362 412 1532 448 operan-

224 460 333 495 dum.
379 460 426 494 Et
458 460 508 494 ad
540 458 661 494 istum
701 471 861 495 sensum
903 458 1203 494 concedendum
1246 466 1348 494 esset
1385 457 1531 494 vicium
1587 466 1609 492 Ι.
1633 466 1788 495 Persona!

223 528 338 564 posse
372 528 454 552 esse
487 515 675 552 virtutem
710 525 747 553 et
786 524 963 561 econtra,
998 524 1039 551 ut
1079 515 1309 552 habituatus
1348 517 1398 551 ad
1438 517 1534 551 dan·
1575 500 1678 568 ξζιζρὲζ
1694 500 1798 570 ἓξζῗῇξὲ

224 575 317 609 dum
373 586 629 622 quocumque
682 575 808 622 gradu
852 574 913 609 vel
958 575 1157 620 agendum
1211 573 1533 622 quibuscumque
1576 569 1800 631 Cfasggleyzfflflssf

222 631 377 667 actibus
421 630 688 679 singularibus
728 633 778 668 ad
817 631 920 667 intra
959 631 1019 667 vel
1059 632 1107 667 ad
1147 640 1255 667 extra
1300 640 1434 679 posset
1479 630 1534 667 sic
1589 639 1686 678 viitue
1706 647 1741 666 or
1761 640 1795 666 Ol

223 688 580 735 circumstanciari,
628 690 736 737 quod
776 688 936 725 habitus
976 688 1048 724 iste
1086 689 1262 725 virtuose
1307 688 1532 735 inclinaret,
1649 682 1723 701 wce.

222 755 265 782 ut
297 755 406 794 patet
437 746 664 794 specialiter
697 746 995 784 concomitante
1028 746 1248 794 prudencia
1281 747 1397 782 talem
1425 746 1535 783 habi-

223 813 306 839 tum
343 812 380 839 et
413 804 715 852 proporcionali
750 803 982 840 adiacencia
1016 804 1272 845 facultatum;
1318 813 1354 840 et
1387 804 1442 840 sic
1476 804 1534 840 in-

222 861 481 909 telligendum
527 870 585 898 est
631 864 678 898 de
723 874 979 910 quocumque
1034 861 1184 908 habitu,
1237 863 1359 909 quod,
1406 862 1436 898 si
1485 861 1533 898 sit

224 920 363 964 malus,
399 920 474 955 hoc
506 928 563 955 est
597 932 666 967 per
699 919 898 956 accidens.

282 978 358 1012 Sed
411 978 586 1013 secundo
641 979 762 1013 modo
816 976 1011 1024 contingit
1062 976 1284 1025 intelligere
1337 976 1532 1013 terminos
1565 984 1600 1011 ΙΙ.
1621 984 1811 1022 Aggrega103

223 1033 468 1081 huiusmodi,
501 1044 543 1071 ut
566 1034 801 1083 simpliciter
834 1034 1061 1083 significant
1093 1043 1306 1083 aggregata
1331 1047 1374 1071 ex
1399 1034 1532 1070 multis
1549 1018 1640 1092 mffff‘y
1652 1019 1752 1080 ᾏΞᾞῙῖὲ
1764 1018 1823 1080 ἔξω

189 1091 424 1128 §habitibus
467 1093 527 1128 vel
572 1092 873 1129 habitudinibus
919 1092 1096 1140 positivis
1141 1101 1177 1128 et
1223 1092 1441 1141 privativis,
1493 1092 1533 1128 in
1559 1088 1811 1122 ciicurnstauces

223 1149 367 1197 quibus
405 1159 565 1197 oportet
603 1150 883 1198 obliquitatem
923 1151 1104 1196 fundare,
1150 1159 1192 1186 ut
1231 1151 1378 1198 posito,
1424 1152 1532 1198 quod
1555 1123 1818 1196 nepgqstiitvigneffrnoqn

222 1206 311 1254 quis
334 1207 548 1244 inclinetur
571 1209 619 1243 ad
644 1209 837 1253 dandum,
862 1217 904 1244 ut
927 1208 1017 1244 ideo
1041 1216 1077 1243 et
1102 1209 1247 1244 habeat
1272 1208 1532 1245 affeccionem
1604 1191 1774 1262 Ἔὲᾗῗῃὲζω

223 1276 267 1300 ex
300 1265 472 1301 deffectu
512 1265 729 1313 prudencie
768 1267 828 1302 vel
866 1265 1028 1302 alterius
1067 1265 1223 1302 virtutis
1263 1268 1313 1302 ad
1355 1268 1532 1302 dandum

223 1321 484 1359 histrionibus
516 1324 577 1359 vel
609 1336 690 1359 non
730 1322 1012 1371 indigentibus,
1059 1333 1153 1359 tunc
1193 1332 1322 1360 toturn
1363 1325 1437 1360 hoc
1470 1337 1535 1371 ag-

223 1389 433 1427 gregatum
468 1393 511 1417 ex
550 1380 691 1417 habitu
725 1383 775 1417 ad
808 1390 917 1417 tante
957 1382 1133 1417 dandum
1176 1390 1212 1417 et
1253 1382 1398 1418 talibus
1438 1383 1534 1418 dan-

223 1439 317 1473 dum
368 1450 459 1474 cum
512 1438 600 1474 aliis
653 1438 973 1475 circumstanciis
1026 1438 1205 1486 positivis
1251 1448 1287 1476 et
1331 1439 1535 1487 privativis

222 1504 387 1531 vocatur
420 1495 657 1544 simpliciter
690 1496 919 1544 positivum,
966 1505 1003 1532 et
1035 1496 1207 1545 qualitas
1247 1496 1534 1533 habitudinalis

223 1562 388 1601 propter
440 1553 731 1601 specialitatem
777 1567 846 1591 sue
897 1553 1020 1602 partis
1072 1554 1342 1600 notabilioris;
1397 1563 1433 1591 et
1478 1554 1533 1591 sic

223 1611 457 1647 conceditur
507 1611 655 1647 vicium
708 1611 1032 1660 inseparabiliter
1085 1624 1168 1648 esse
1220 1612 1382 1658 vicium,
1442 1611 1535 1648 licet

221 1668 388 1716 simplex
421 1668 581 1705 habitus
614 1678 748 1717 posset
781 1682 865 1706 esse
897 1682 979 1706 non
1002 1669 1168 1716 vicium3
1202 1679 1239 1706 et
1271 1670 1367 1706 talia
1400 1683 1535 1718 aggre—

221 1735 312 1773 gata
350 1735 441 1763 sunt
474 1727 512 1763 in
546 1739 688 1775 genere
722 1728 926 1776 qualitatis
959 1736 995 1763 et
1028 1740 1170 1774 genere
1204 1728 1392 1773 accionis,
1433 1727 1535 1763 sicut

222 1792 259 1819 et
292 1783 332 1819 in
366 1784 453 1820 aliis
487 1785 716 1832 generibus3
763 1795 799 1822 et
833 1785 908 1822 isto
945 1787 1067 1822 modo
1102 1785 1283 1832 glosandi
1318 1794 1410 1822 sunt
1442 1797 1535 1821 auc-

221 1850 340 1887 tores,
387 1843 549 1890 quando
595 1843 731 1879 dicunt
777 1843 911 1891 aliqua
951 1844 997 1879 de
1031 1855 1070 1879 se
1104 1856 1248 1880 sonare
1287 1843 1326 1879 in
1367 1843 1531 1889 malum,

221 1908 262 1934 ut
294 1899 454 1945 invidia,
489 1900 652 1946 furtum,
688 1901 958 1947 mendacium,
994 1901 1099 1937 mala
1130 1902 1315 1938 voluntas
1349 1910 1386 1938 et
1419 1909 1532 1949 quot-

220 1956 315 1993 libet
347 1957 505 1994 similia.

278 2015 507 2063 Intelligunt
531 2015 650 2061 enim,
685 2017 793 2064 quod
817 2016 912 2052 talia
936 2016 1175 2064 simpliciter
1197 2017 1257 2053 vel
1281 2015 1531 2064 aggregative
1545 2021 1611 2050 Evil
1632 2023 1658 2050 is
1678 2032 1694 2050 a
1714 2023 1821 2057 defecr

219 2071 421 2110 intellecta
460 2086 539 2110 non
577 2083 743 2122 possunt
786 2085 922 2110 catere
968 2073 1139 2119 malicia,
1185 2083 1228 2110 ut
1261 2074 1529 2121 Philosophus
1582 2059 1785 2085 notaeffect

220 2132 395 2166 secundo
428 2130 662 2167 Ethicorum
698 2135 742 2178 70
777 2131 886 2178 dicit,
927 2133 1033 2180 quod
1074 2144 1289 2168 commune
1323 2131 1530 2168 confestim

220 2187 427 2224 nominata
472 2198 563 2225 sunt
610 2189 780 2234 malicia,
827 2198 870 2225 ut
909 2189 1100 2237 gaudium
1135 2191 1182 2225 de
1216 2190 1336 2235 malo,
1382 2189 1533 2226 invere-

221 2245 378 2291 cundia,
432 2245 593 2292 invidia,
648 2246 903 2293 adulterium,
957 2247 1107 2282 furtum
1149 2255 1237 2293 etc.,
1286 2247 1532 2295 Augustinus

290 2363 328 2389 17.
350 2356 428 2390 ideo]
450 2358 597 2385 coci.:10.

292 2416 344 2448 33.
385 2416 437 2458 Cf.
471 2417 574 2448 Arist.
608 2416 687 2448 Eth.
719 2418 744 2448 II
781 2417 797 2449 5
833 2416 882 2458 (ὁ)
915 2420 953 2449 ιδ
986 2418 1068 2458 (Ed.
1101 2419 1186 2450 Par.
1220 2418 1262 2450 II
1292 2419 1351 2457 20,
1379 2419 1428 2449 20
1453 2419 1535 2459 ,ss-L·

222 2458 275 2492 Οὐ
307 2462 405 2492 πᾶσα
436 2460 467 2493 δ’
492 2458 692 2505 ἐπιδέχεται
723 2461 852 2505 πρᾶξις
883 2461 968 2495 οὐδὲ
1000 2464 1072 2495 πᾶν
1097 2462 1220 2501 πάθος
1245 2461 1310 2504 τὴν
1334 2462 1531 2505 μεσότητα·

220 2504 297 2538 ἑνια
326 2505 393 2561 γὰρ
426 2506 539 2546 εὐθὺς
562 2506 781 2564 ὠνόμασται
805 2508 1065 2551 συνειλημμένα
1090 2508 1189 2564 μετα
1206 2513 1269 2552 τῆς
1294 2507 1532 2551 φαυλότητος,

220 2548 299 2584 οἷον
323 2549 602 2596 ἐπιχαιρεκακία,
635 2553 879 2598 ἀναισχυντία,
911 2554 1054 2596 φθόνος
1084 2567 1143 2587 και
1175 2552 1233 2588 ἐπι
1265 2558 1340 2587 τῶν
1364 2554 1532 2597 πράξεων

220 2597 370 2641 μοιχεία
412 2599 536 2642 κλοπή,
578 2599 822 2648 ἀνδροφονία·
865 2600 984 2633 πάντα
1024 2613 1090 2644 γαρ
1132 2604 1247 2633 ταῦτα
1285 2613 1343 2633 και
1381 2604 1532 2633 τοιαῦτα

222 2643 367 2685 ψέγεται
393 2648 440 2688 τῷ
469 2644 561 2677 αὐτα
587 2647 709 2687 φαῦλα
735 2647 878 2679 εἰναι..
899 2672 904 2678 .
925 2673 932 2679 .
1031 2650 1082 2681 30.
1113 2648 1165 2690 Cf.
1191 2650 1280 2690 Aug.
1308 2649 1350 2680 de
1377 2649 1440 2680 civ.
1466 2649 1528 2680 Dei

220 2691 279 2722 VII
306 2690 326 2722 8
359 2692 497 2734 (vigne
528 2693 619 2724 XLI
643 2694 752 2734 355).·
791 2695 868 2726 Hoc
900 2695 982 2732 scio,
1017 2698 1189 2726 naturam
1225 2695 1292 2727 Dei
1324 2705 1530 2737 numquam,

222 2748 405 2779 nusquam,
437 2740 536 2770 nulla
569 2749 617 2771 ex
641 2743 752 2781 parte
775 2749 879 2782 posse
911 2740 1077 2782 deficere;
1113 2745 1146 2772 et
1173 2750 1214 2773 ea
1238 2751 1344 2783 posse
1370 2741 1530 2782 deficere,

184 2814 188 2816 ,
223 2793 312 2824 quae
337 2793 384 2815 ex
410 2785 521 2816 nihilo
538 2786 647 2827 facta
675 2790 766 2817 sunt.
799 2786 898 2824 Quae
926 2791 1043 2818 tamen
1072 2791 1207 2829 quanto
1236 2787 1351 2829 magis
1378 2791 1471 2825 sunt,
1497 2791 1530 2818 et
