2056 3234
264 888 344 915 How
365 888 422 915 evil
443 888 469 915 is
490 887 520 915 in

337 923 453 961 things.

320 958 385 984 Evil
407 966 433 984 is
454 965 470 983 a

294 991 448 1027 privation
468 991 503 1018 of

263 1027 361 1062 good;
383 1035 418 1053 so
438 1034 528 1062 every

282 1061 355 1088 kind
376 1061 411 1088 of
427 1060 507 1096 good

257 1096 312 1123 has
333 1104 370 1123 an
391 1096 534 1158 opposite

361 1139 406 1158 ew
423 1151 429 1158 .

277 2272 427 2300 Aristone
447 2272 512 2307 lays

308 2308 399 2334 down
421 2307 485 2333 that

301 2342 417 2369 virtues
438 2340 495 2368 and

322 2385 404 2403 vices
424 2384 474 2402 are

327 2410 471 2446 opposne

323 2445 475 2481 qualitics.

639 737 899 789 CAPUT
939 736 1333 790 OCTAVUM
1370 735 1762 788 DECIMUM.

607 879 768 925 Habito,
804 880 911 927 quod
934 879 1066 914 nullus
1099 887 1211 914 actus
1245 878 1410 925 simplex
1435 887 1491 914 est
1524 890 1594 925 per
1627 889 1668 914 se
1700 886 1768 914 aut
1801 878 1857 913 in-

549 937 826 985 separabiliter
867 937 1008 982 malus,
1049 948 1138 972 cum
1175 935 1288 972 multi
1322 944 1433 972 actus
1466 935 1545 971 sint
1584 935 1696 972 mali:
1736 944 1859 972 restat

548 995 695 1041 videre,
730 995 936 1043 quomodo
971 993 1130 1029 malicia
1163 993 1265 1029 inest
1297 993 1365 1029 rei.
1401 995 1476 1029 Pro
1510 1006 1589 1041 quo
1620 995 1857 1039 notandum,

550 1054 657 1102 quod
691 1051 821 1089 omnis
856 1051 1015 1088 malicia
1047 1050 1270 1087 formaliter
1304 1051 1410 1088 dicta
1443 1060 1499 1087 est
1533 1051 1710 1099 privacio
1745 1051 1892 1097 boni35

549 1111 652 1157 ideo,
693 1119 791 1159 quot
828 1118 920 1146 sunt
960 1109 1156 1145 maneries
1197 1110 1408 1155 bonorum,
1449 1118 1507 1146 tot
1540 1119 1630 1146 sunt
1665 1109 1861 1145 maneries

550 1168 817 1213 maliciarum,
851 1176 894 1204 ut
917 1167 1082 1215 aliquod
1105 1176 1163 1203 est
1188 1167 1335 1203 malum
1372 1179 1486 1215 pene,
1520 1167 1684 1215 aliquod
1709 1168 1859 1203 malum

550 1228 678 1275 culpe,
713 1226 877 1275 aliquod
901 1234 958 1262 est
982 1225 1133 1261 malum
1157 1224 1386 1272 subiective‚
1421 1235 1457 1261 et
1481 1225 1645 1273 aliquod
1669 1224 1859 1271 effective,

549 1294 585 1321 et
618 1284 783 1333 aliquod
822 1282 1097 1331 significative.
1143 1286 1190 1319 Et
1222 1283 1378 1319 videtur
1411 1283 1546 1329 michi,
1588 1285 1696 1332 quod
1729 1282 1860 1319 omnis

549 1342 707 1379 malicia
740 1341 847 1378 dicta
879 1341 1103 1378 formaliter
1134 1350 1250 1378 sonat
1281 1341 1321 1377 in
1354 1341 1627 1390 privacionem
1662 1340 1771 1377 modi
1799 1341 1861 1377 vel

548 1400 699 1437 ordinis
724 1408 761 1436 et
784 1403 967 1445 econ-tra3
1000 1398 1105 1445 ideo,
1140 1408 1183 1435 ut
1207 1399 1359 1435 dictum
1386 1408 1443 1436 est
1466 1399 1662 1447 superius,
1697 1400 1859 1447 quando

548 1467 806 1507 aggregatum
842 1466 949 1494 caret
982 1457 1221 1493 rectitudine
1253 1458 1313 1493 vel
1345 1458 1499 1504 ordine,
1534 1466 1629 1494 tunc
1661 1457 1763 1493 inest
1785 1456 1859 1493 sibi

550 1516 706 1553 malicia
752 1516 811 1553 vel
856 1523 1082 1563 peccatum⁷
1137 1516 1244 1564 quod
1288 1515 1421 1563 primo
1467 1524 1524 1552 est
1568 1515 1608 1551 in
1651 1516 1858 1551 voluntate

548 1583 695 1620 creata,
742 1582 779 1610 et
818 1582 1109 1621 consequenter
1147 1573 1187 1610 in
1225 1573 1405 1610 subiecto
1445 1582 1481 1609 et
1518 1569 1856 1626 procedentibus}

548 1642 616 1669 aut
648 1631 804 1668 infectis
838 1633 886 1668 ab
920 1631 1001 1667 illo.
1043 1632 1158 1668 Unde
1191 1631 1386 1679 quotlibet
1418 1640 1631 1679 aggregata
1664 1630 1858 1679 contingit

547 1690 717 1739 signare,
772 1702 847 1738 que
892 1691 997 1726 Deus
1043 1690 1090 1725 de
1134 1689 1320 1737 potencia
1371 1690 1554 1726 absoluta
1600 1702 1680 1726 non
1724 1698 1858 1737 posset

548 1748 719 1785 eximere
753 1749 801 1784 ab
835 1746 1049 1794 iniusticia‚
1090 1756 1132 1783 ut
1165 1756 1380 1795 aggregata
1416 1760 1458 1784 ex
1491 1747 1707 1793 habitibus,
1748 1756 1785 1783 et
1816 1746 1857 1783 in

548 1806 816 1854 proposcione
868 1818 1036 1853 operum
1090 1805 1404 1853 procedencium
1449 1807 1497 1842 ab
1543 1805 1620 1842 illis
1674 1814 1857 1853 respectu

548 1863 951 1901 circumstanciarum
992 1875 1161 1911 persone
1200 1863 1255 1900 sic
1288 1863 1512 1909 habituate3
1552 1872 1589 1900 et
1621 1863 1688 1899 illa
1721 1875 1857 1911 aggre-

548 1931 639 1970 gata
682 1930 829 1959 vocant
873 1921 1103 1969 philosophi
1144 1930 1180 1957 et
1217 1922 1383 1969 wlgares
1426 1921 1540 1958 vicia.
1585 1923 1854 1969 Aggregatum

549 1980 674 2017 eciam
721 1992 764 2016 ex
810 1979 1046 2016 credulitate
1099 1978 1300 2015 credibilis
1351 1988 1388 2016 et
1434 1979 1616 2016 diccione
1668 1978 1858 2016 assertiva

548 2037 723 2086 oppositi
768 2046 825 2073 est
869 2036 1144 2083 mendacium3
1191 2039 1299 2085 quod
1339 2037 1369 2073 si
1409 2037 1640 2073 huiusmodi
1684 2036 1858 2073 assercio

549 2095 748 2132 sensibilis
781 2095 900 2131 fuerit
933 2108 1023 2131 cum
1057 2095 1299 2141 iuramento,
1333 2103 1428 2131 tunc
1462 2104 1519 2131 est
1553 2094 1788 2143 periurium,
1823 2104 1859 2130 et

548 2153 643 2190 talia
683 2162 895 2201 aggregata
935 2165 1015 2189 non
1054 2162 1187 2200 posset
1220 2155 1325 2189 Deus
1365 2154 1412 2189 de
1451 2152 1637 2200 potencia
1676 2153 1859 2189 absoluta

550 2212 679 2248 facere
713 2223 848 2247 carere
881 2210 1097 2247 iniusticia.

609 2272 656 2305 Et
689 2268 743 2305 sic
783 2268 993 2316 diligenter
1030 2269 1207 2305 notanda
1247 2277 1305 2305 est
1344 2268 1600 2317 equivocacio
1639 2268 1858 2316 signorum,

552 2327 696 2375 quibus
735 2326 984 2374 disputantes
1022 2335 1190 2362 utuntur
1222 2326 1262 2361 in
1294 2326 1369 2363 ista
1410 2326 1591 2373 materia,
1632 2326 1725 2374 quia
1758 2325 1860 2363 vicia

553 2386 660 2432 apud
684 2383 946 2432 philosophos
970 2384 1182 2432 qualitates
1207 2384 1408 2420 contrario
1431 2384 1657 2430 virtutibus,
1685 2392 1728 2419 ut
1751 2392 1860 2432 patet

552 2442 592 2478 in
631 2441 806 2489 capitulo
841 2444 897 2477 De
931 2441 1133 2487 Qualitate
1170 2442 1210 2477 in
1249 2441 1351 2478 libro
1386 2442 1783 2478 Predicamentorum
1823 2449 1860 2477 et

551 2499 590 2535 in
623 2511 811 2547 processu
847 2499 938 2535 libri
973 2499 1220 2535 Ethicorum.

622 2623 674 2655 26.
710 2625 763 2666 Cf,
791 2624 893 2654 Arist.
921 2624 993 2654 Cat.
1021 2622 1052 2663 ὁ,
1077 2622 1114 2654 ι8
1142 2623 1225 2664 (Ed.
1253 2625 1340 2655 Par.
1366 2624 1406 2653 H
1428 2625 1481 2662 15,
1508 2625 1554 2654 45
1580 2622 1660 2662 ssv):
1697 2621 1861 2665 Ὑπάρχει

550 2667 589 2701 δὲ
615 2667 674 2701 καὶ
699 2666 907 2710 ἐναντιότης
932 2667 1022 2700 κατὰ
1048 2665 1087 2700 τὸ
1114 2666 1222 2700 ποιόν
1253 2664 1331 2701 οἷον
1362 2668 1572 2710 δικαιοσύνη
1604 2666 1727 2710 ἀδικίᾳ
1758 2665 1858 2700 ἐναν-

551 2714 638 2747 τίον.
795 2717 847 2748 30.
885 2716 918 2746 in
956 2726 1120 2757 processu
1158 2715 1233 2747 libri
1266 2716 1483 2756 Ethicorum]
1523 2715 1698 2747 excidisse
1736 2716 1858 2747 vocula

551 2762 656 2802 tercii,
690 2766 793 2801 atque
818 2761 942 2803 Wiclif
959 2762 1080 2803 capita
1108 2762 1189 2794 inde
1214 2763 1256 2794 ab
1284 2767 1409 2794 octavo
1437 2762 1485 2803 (in
1513 2762 1591 2794 edd.
1618 2761 1770 2802 antiquis
1797 2771 1859 2792 un-

552 2808 702 2848 decimo)
727 2808 987 2850 significavisse
1013 2808 1162 2841 videtur.

1882 1355 1919 1375 10

1887 1576 1924 1608 F.
1942 1577 2006 1609 230

1877 1632 1913 1666 13

1878 2501 1918 2532 30
