2056 3234
239 175 364 210 Quaest.
387 175 436 202 XI·
517 176 749 215 Quaestiones
775 175 910 217 logicae
936 181 969 206 et
993 175 1269 217 philosophicae.

237 282 455 320 consistens
479 290 516 318 et
539 294 609 330 per
632 283 1017 325 Commentatorem,
1042 282 1113 316 V10
1138 280 1388 316 Phisicorum
1412 280 1545 317 dicen—

236 350 330 388 tem,
364 341 493 377 forma
524 339 580 375 rei
614 347 671 375 est
703 338 953 375 indivisibilis
977 338 1152 374 racione.
1186 337 1377 385 Arguitur
1405 338 1474 385 sic,
1508 347 1544 374 et

238 398 370 447 primo
394 398 441 434 de
465 398 593 433 forma
616 396 889 443 substanciali,
915 408 991 444 que
1014 404 1071 432 est
1094 395 1335 442 humanitas,
1366 395 1545 444 arguitur

236 456 304 500 sic,
338 456 675 504 quandocumque
698 454 827 490 forma
850 453 1127 502 inseparabilis
1153 453 1254 490 inest
1277 453 1396 490 alicui
1419 454 1544 490 forme

203 513 362 562 5ipsam
397 512 695 558 denominanti3
729 513 796 548 sed
830 511 1058 547 humanitas
1091 519 1148 547 est
1180 511 1309 548 forma
1341 511 1545 560 insepara-

237 571 368 607 biliter
396 570 610 607 inexistens
634 569 795 606 cuilibet
818 569 1027 617 supposito
1050 568 1195 616 speciei
1221 569 1415 614 humane,
1450 581 1543 616 ergo

237 627 445 677 quodlibet
490 627 721 664 huiusmodi
766 626 1019 674 suppositum
1065 626 1310 663 denominat.
1366 626 1406 663 Si
1450 639 1543 674 ergo

237 685 467 722 humanitas
500 694 558 722 est
590 686 721 721 forma
754 684 973 730 divisibilis,
1015 683 1228 730 dividatur,
1267 697 1315 720 ne
1354 693 1544 732 sequatur

236 744 542 792 inconsequens,
587 755 667 791 quo
699 741 830 790 posito
871 741 1052 790 arguitur
1084 741 1157 778 sic:
1204 743 1275 778 hec
1315 742 1544 779 humanitas

182 815 220 835 10
236 810 294 838 est
326 801 469 848 divisa,
503 813 595 848 ergo
628 800 669 836 in
701 801 800 845 duo3
836 800 896 836 vel
929 812 1021 847 ergo
1054 808 1270 847 utrumque
1294 799 1460 837 istorum
1488 809 1545 836 est

235 858 478 905 humanitas,
511 858 571 894 vel
603 871 695 903 non,
730 857 761 893 si
794 865 1010 905 utrumque
1038 857 1198 893 illorum
1223 865 1281 894 est
1304 857 1544 902 humanitas,

234 926 329 954 tunc
361 915 577 964 utrumque
610 915 683 952 erit
716 916 851 951 homo.
885 914 1187 963 Consequencia
1213 923 1323 962 patet
1356 927 1399 952 ex
1422 915 1545 963 priori

235 983 455 1022 assumpto,
494 973 692 1020 videlicet,
733 973 1070 1021 quandocumque
1104 973 1232 1009 forma
1265 972 1543 1021 inseparabilis

234 1032 336 1069 inest
375 1032 501 1068 forme
540 1031 673 1078 alicui,
718 1031 843 1078 ipsam
885 1030 1131 1075 denominat,
1177 1039 1214 1066 et
1252 1030 1307 1066 sic
1347 1033 1423 1066 due
1455 1044 1544 1079 par-

182 1090 355 1127 15ciales
388 1088 657 1125 humanitates
691 1088 813 1125 divise
844 1089 1063 1125 secundum
1100 1089 1246 1124 molem
1281 1089 1379 1125 duas
1412 1097 1545 1136 partes

235 1147 444 1184 distinctas
477 1146 807 1192 denominabunt,
842 1154 879 1182 et
912 1158 1002 1182 cum
1031 1145 1206 1194 quelibet
1228 1146 1457 1182 humanitas
1480 1148 1548 1182 dat

236 1217 331 1250 esse,
366 1206 484 1241 habet
517 1204 644 1251 aliud3
686 1203 878 1252 sequitur,
913 1205 1021 1251 quod
1054 1203 1150 1240 talia
1182 1212 1311 1239 essent
1344 1205 1436 1250 duo,
1477 1203 1546 1240 ali-

235 1263 331 1311 quid
370 1261 640 1298 essencialiter
678 1261 838 1310 realiter
876 1263 925 1297 ad
965 1260 1134 1297 invicem
1169 1261 1369 1307 distincta,
1409 1270 1444 1298 et
1476 1274 1546 1309 per

237 1332 481 1368 consequens
514 1319 554 1355 in
588 1320 727 1355 eodem
762 1318 925 1355 homine
959 1328 1074 1355 erunt
1096 1320 1175 1355 duo
1199 1318 1381 1355 homines
1403 1320 1545 1356 totales

179 1391 220 1412 20
235 1379 454 1414 secundum
491 1377 745 1413 existenciam
780 1376 819 1412 in
854 1388 937 1412 esse
971 1376 1143 1422 formali,
1179 1378 1285 1424 quod
1320 1386 1376 1413 est
1410 1377 1546 1414 incon-

87 1439 126 1471 F.
144 1441 404 1484 2oo‘sequens
438 1444 510 1471 etc.
542 1433 545 1483 Ι

293 1494 614 1529 CORROLARIUM:
661 1491 855 1536 Quamvis
894 1491 1022 1528 forma
1061 1491 1228 1528 animati
1266 1492 1545 1529 substancialis

236 1560 292 1588 est
326 1549 577 1586 indivisibilis
611 1561 691 1596 quo
725 1550 775 1585 ad
808 1549 970 1595 molem,
1006 1558 1063 1585 est
1096 1558 1232 1586 tamen
1267 1549 1472 1587 divisibilis
1505 1550 1545 1586 in

234 1616 367 1657 partes
400 1606 651 1652 subiecfflvas,
694 1606 826 1654 primo
865 1606 905 1643 in
938 1608 1109 1643 formam
1144 1608 1452 1644 substancialem
1486 1608 1545 1644 in-

178 1670 217 1702 25
236 1667 371 1702 limam
391 1665 502 1710 entis,
519 1666 695 1701 secundo
712 1664 1022 1701 substancialem
1046 1664 1154 1701 mixti
1177 1664 1402 1712 inanimati,
1418 1666 1542 1702 tercio

234 1723 541 1760 substancialem
594 1721 704 1757 mixti
749 1722 994 1769 vegetabilis,
1043 1732 1185 1771 quarto
1230 1724 1541 1760 substancialem

233 1782 402 1818 formam
443 1779 561 1825 bruti,
601 1779 742 1828 quinto
780 1780 952 1816 formam
996 1780 1307 1817 substancialem
1354 1781 1542 1826 hominis,

234 1852 309 1887 que
344 1847 400 1874 est
432 1838 562 1874 forma
595 1837 885 1885 perfectissima
918 1838 974 1874 rei
1009 1851 1213 1886 corporee.

291 1898 594 1933 CORROLARIUM
622 1901 862 1929 SECUNDUM:
887 1895 1091 1933 Divisibile
1115 1905 1171 1933 est
1186 1895 1438 1942 indivisibile,
1462 1910 1542 1933 non

177 1959 218 1991 30
233 1963 369 1990 tamen
403 1953 652 1990 divisibilitas
685 1962 743 1989 est
777 1953 1090 1999 indivisibilita53
1130 1962 1253 2002 patet,
1288 1954 1380 2002 quia
1413 1955 1543 1991 forma

233 2011 510 2048 substancialis
534 2012 729 2059 producta
762 2020 820 2047 est
852 2011 1090 2048 indivisibile
1124 2011 1163 2048 in
1196 2021 1327 2059 partes
1360 2012 1543 2048 subiecti-

233 2082 313 2115 vas,
345 2078 381 2105 et
410 2082 490 2105 non
519 2068 709 2105 dividitur
732 2070 951 2105 secundum
978 2070 1139 2116 molem,
1173 2069 1293 2117 igitur
1324 2078 1379 2105 est
1403 2069 1544 2107 indivi-

233 2127 345 2164 sibile
378 2128 597 2163 secundum
631 2126 791 2163 molem.

291 2186 591 2221 CORROLARIUM
628 2191 830 2219 TERCIUM:
876 2183 1016 2220 Omnis
1049 2183 1181 2220 anima
1213 2193 1270 2220 est
1293 2184 1543 2221 indivisibilis

177 2245 216 2279 35
233 2244 453 2280 secundum
478 2243 648 2289 molem;
682 2250 804 2290 patet,
829 2241 922 2290 quia
952 2241 1081 2278 omnis
1110 2242 1240 2278 forma
1263 2242 1542 2279 substancialis

188 2342 191 2345 ,
233 2302 431 2349 producta
465 2310 522 2337 est
554 2299 808 2337 indivisibilis
832 2312 912 2348 quo
946 2301 996 2335 ad
1030 2300 1190 2346 molem,
1225 2308 1262 2336 et
1294 2299 1425 2336 omnis
1449 2312 1543 2348 que-

233 2358 329 2395 libet
362 2358 497 2395 anima
535 2358 578 2394 fit
617 2359 746 2394 forma
784 2356 1063 2394 substancialis
1101 2359 1317 2406 producta;
1363 2358 1543 2406 sequitur

234 2416 512 2453 corrolarium.
536 2415 680 2452 Tercio
713 2415 906 2463 sequitur,
943 2416 1050 2463 quod
1082 2424 1270 2452 manente
1294 2416 1434 2452 eodem
1459 2415 1542 2452 ani-

236 2473 330 2510 mali
353 2482 488 2510 manet
512 2475 651 2510 eadem
684 2474 813 2509 forma
836 2472 1129 2518 substancialis,
1163 2486 1185 2510 a
1204 2486 1282 2521 qua
1312 2473 1541 2510 huiusmodi

174 2544 219 2575 40
235 2531 384 2567 animal
406 2531 513 2579 capit
539 2544 652 2567 suam
676 2530 934 2578 quiditatem3
968 2543 1091 2579 quare
1123 2531 1322 2579 sequitur:
1356 2540 1542 2567 manente

235 2590 377 2625 eodem
410 2597 605 2637 serpente,
640 2588 794 2625 abscisa
826 2588 961 2637 aliqua
984 2597 1095 2636 parte
1129 2588 1211 2625 eius
1244 2597 1378 2625 manet
1402 2590 1541 2625 eadem

303 2730 345 2758 ¹9·
370 2721 465 2750 Cod.:
491 2721 552 2748 duo
579 2721 751 2763 singulares
776 2721 896 2748 totales.
1030 2719 1070 2748 31.
1095 2720 1190 2748 Cod.:
1214 2720 1402 2748 indivisibile
1422 2729 1482 2758 quo
1504 2721 1540 2747 ad

176 2819 180 2821 Π
235 2780 348 2807 molem
369 2783 397 2806 et
416 2779 501 2806 omni
523 2779 655 2816 quelibet
675 2779 705 2806 in
727 2783 828 2813 partes
848 2778 924 2813 (sic).

1750 166 1826 214 295
