2056 3234
267 897 387 932 Replies
408 901 438 924 to
459 905 515 924 our

303 936 482 965 argument:

286 975 306 993 1.
328 966 396 993 The
416 974 501 993 same

303 1001 390 1036 thing
412 1002 481 1035 (res)

291 1035 431 1062 includes
451 1044 488 1062 an

273 1070 390 1105 agent's
410 1071 511 1097 action

262 1105 321 1131 and
343 1113 359 1131 a
379 1105 524 1138 patient’s

266 1139 428 1174 suffering;
450 1140 520 1167 then

299 1178 360 1201 two
381 1174 484 1209 things

330 1209 455 1236 become

290 1242 494 1279 superfluous.

799 745 1059 800 CAPUT
1095 744 1598 797 UNDECIMUM.

602 891 644 925 In
667 888 900 936 oppositum
925 887 998 924 sic:
1023 888 1170 923 frustra
1193 895 1399 935 ponuntur
1421 888 1551 935 plura,
1576 887 1645 923 ubi
1668 887 1861 935 pauciora

545 946 769 992 sufficiunt3
815 947 883 982 sed
917 946 1055 982 eadem
1090 957 1151 981 res
1189 945 1374 981 absoluta
1412 945 1560 982 sufficit
1597 944 1859 981 denominare

545 1017 666 1052 agens
699 1016 815 1051 agere
850 1012 886 1039 θῖ
909 1016 1071 1051 passum
1104 1002 1207 1051 pati,
1242 1015 1334 1050 ergo
1357 1003 1567 1051 superfluit
1590 1015 1738 1051 ponere
1761 1003 1859 1040 tales

545 1064 643 1099 duas
666 1074 727 1098 res
751 1061 989 1109 generaliter
1022 1060 1241 1098 distinctas.
1277 1061 1408 1097 Minor
1430 1070 1540 1109 patet
1563 1074 1606 1098 ex
1629 1062 1717 1107 hoc,
1750 1062 1859 1109 quod

546 1121 685 1156 eadem
718 1119 896 1167 agencia,
932 1131 1009 1167 que
1042 1127 1099 1155 est
1123 1118 1192 1154 uni
1216 1118 1474 1165 delectabilis,
1509 1128 1567 1155 θεῖ
1590 1119 1704 1155 aiteri
1728 1118 1859 1155 trista-

545 1177 648 1224 bilis,
681 1186 725 1213 ut
758 1186 867 1225 patet
898 1176 939 1212 in
963 1178 1144 1224 exemplo
1177 1176 1360 1224 superius
1393 1178 1569 1213 adducto
1593 1186 1731 1213 contra
1756 1178 1858 1213 hanc

544 1236 664 1281 viam,
710 1235 854 1283 posito,
899 1236 1007 1282 quod
1045 1247 1148 1270 unus
1185 1234 1410 1271 voluntarie
1449 1235 1598 1271 cruciet
1645 1235 1858 1283 reliquum,

544 1293 768 1338 inimicum,
791 1293 860 1329 ubi
883 1302 1005 1340 patet,
1030 1294 1138 1341 quod
1162 1292 1361 1329 cruciatus
1386 1302 1443 1329 est
1467 1293 1663 1330 crucianti
1688 1293 1858 1329 delecta-

545 1352 632 1388 bilis
666 1360 703 1387 et
736 1351 908 1399 placida,
943 1350 1122 1387 cruciato
1154 1363 1247 1387 vero
1282 1360 1339 1387 est
1371 1351 1575 1387 tristabilis
1609 1360 1646 1387 et
1678 1351 1858 1387 invqun-

544 1409 658 1455 taria‚
693 1420 786 1457 engo
809 1408 880 1456 per
912 1408 1018 1444 idem
1042 1417 1120 1445 stat
1153 1418 1335 1457 respectu
1366 1409 1612 1445 diversorum
1645 1409 1750 1445 idem
1776 1421 1858 1445 esse

544 1467 693 1504 iustum
729 1476 766 1503 et
798 1466 990 1503 iniustum
1026 1475 1063 1502 θῖ
1096 1468 1477 1515 quomodocumque
1510 1466 1625 1503 aliter
1658 1467 1858 1503 contrarIe

544 1525 864 1562 denominatum.
899 1527 947 1561 Et
981 1524 1241 1561 confirmacio
1275 1525 1388 1561 istius
1421 1534 1478 1561 est
1499 1526 1714 1561 Anselmus
1736 1525 1777 1561 in
1801 1527 1858 1561 De

544 1583 720 1620 Vei-itate
754 1583 930 1630 capitulo
955 1583 1014 1628 80,
1049 1582 1116 1618 ubi
1148 1584 1197 1618 ab
1231 1582 1385 1619 intento
1419 1591 1538 1628 tenet,
1573 1584 1683 1631 quod
1717 1584 1857 1619 eadem

544 1654 606 1677 res
640 1650 697 1677 est
730 1640 841 1677 accio
875 1649 911 1676 et
944 1640 1097 1688 passim
1132 1649 1168 1676 et
1201 1640 1332 1688 ipsum
1368 1640 1549 1689 sequitur
1581 1643 1732 1677 Doctor
1764 1642 1859 1677 Pro-

544 1700 692 1735 fundus
725 1698 827 1735 libro
864 1699 922 1744 30,
957 1698 1133 1746 capitulo
1168 1700 1227 1734 60.

611 1841 636 1868 7.
656 1832 751 1860 Cod:
773 1833 897 1860 aducto.
955 1841 982 1867 ς).
1000 1832 1093 1859 Coa'..·
1114 1833 1253 1860 cruciati.
1314 1842 1351 1861 io.
1371 1833 1465 1860 Cod..·
1488 1833 1536 1859 u'o
1556 1824 1578 1859 ἶ
1592 1824 1724 1860 delcffins
1745 1832 1855 1860 t’stafis.

617 1929 666 1961 13.
697 1928 749 1970 Cf.
777 1929 933 1960 Anselmi
961 1929 1219 1960 Cantua1-iensis
1244 1928 1381 1970 Dialog.
1408 1929 1459 1959 De
1484 1929 1646 1968 Veritate,
1679 1938 1753 1970 cap.
1779 1929 1855 1961 VIII

543 1975 683 2017 (Migne
711 1974 875 2006 CLVIII
895 1975 1010 2017 476).·
1048 1975 1174 2007 Multis
1206 1975 1298 2007 enim
1333 1975 1446 2007 modis
1477 1975 1602 2008 eadem
1630 1984 1685 2007 res
1710 1974 1857 2017 suscipit

543 2020 693 2053 diversis
736 2021 1081 2054 considerationibus
1122 2021 1328 2056 contraria.-
1371 2021 1464 2064 quod
1501 2022 1536 2053 in
1575 2021 1713 2053 actione
1750 2031 1856 2063 saepe

541 2067 717 2110 contingit
743 2071 781 2099 ut
807 2069 841 2100 in
867 2069 1096 2109 percussione
1123 2093 1130 2100 .
1151 2094 1157 2100 .
1180 2093 1188 2100 .
1208 2095 1215 2101 .
1243 2068 1314 2099 Sed
1347 2067 1515 2110 quoniam
1543 2091 1550 2098 .
1569 2090 1578 2099 .
1597 2093 1604 2100 .
1624 2094 1631 2101 .
1659 2068 1750 2100 sicut
1771 2077 1854 2110 per-

542 2114 678 2146 cutiens
695 2123 763 2145 non
785 2119 836 2146 est
854 2115 927 2147 sine
941 2115 1181 2155 percussione,
1201 2123 1263 2146 nec
1280 2115 1460 2155 percussio
1480 2115 1607 2155 absque
1623 2114 1854 2155 percutiente,

541 2161 594 2192 ita
613 2160 855 2201 percutientia
880 2165 914 2192 et
937 2162 1119 2202 percussio
1151 2161 1227 2192 sine
1257 2160 1407 2192 invicem
1441 2170 1513 2192 esse
1551 2164 1744 2203 nequeunt;
1783 2160 1854 2193 imo

542 2216 624 2238 una
652 2210 693 2238 et
720 2207 868 2238 eadem
896 2216 962 2239 res
989 2211 1052 2239 est
1078 2207 1226 2239 diversis
1253 2207 1450 2239 nominibus
1475 2207 1665 2239 secundum
1692 2206 1854 2239 diversas

541 2257 666 2294 partes
691 2252 920 2295 significatas
958 2253 1088 2286 idcirco
1113 2254 1295 2295 percussio
1320 2258 1353 2286 et
1377 2253 1611 2296 percutientis
1637 2257 1671 2285 et
1689 2254 1854 2295 percussi

541 2308 614 2331 esse
657 2298 809 2340 dicitur,-
850 2304 1072 2342 quapropter
1112 2300 1301 2332 secundum
1346 2299 1437 2339 quod
1478 2309 1587 2341 agens
1625 2300 1679 2331 vel
1708 2300 1853 2340 patiens

543 2345 656 2377 eidem
695 2345 876 2377 subiacent
915 2346 1055 2386 iudicio,
1092 2347 1148 2378 vel
1172 2346 1376 2386 contrariis,
1413 2347 1492 2387 ipsa
1527 2355 1659 2388 quoque
1685 2346 1778 2378 actio
1806 2356 1854 2378 ex

542 2395 692 2433 utraque
722 2395 833 2433 parte
870 2392 1036 2424 similiter
1074 2392 1291 2424 iudicabitur
1327 2396 1391 2423 aut
1426 2393 1618 2424 contrarie.
1659 2392 1712 2433 Cf.
1743 2392 1851 2423 etiam

542 2441 676 2474 notam,
708 2448 747 2478 p.
784 2439 860 2469 109.
1008 2437 1057 2470 15.
1098 2440 1151 2482 Cf.
1186 2438 1346 2469 Thomae
1384 2439 1622 2469 Bradwardini
1660 2438 1712 2469 De
1750 2448 1853 2470 causa

541 2484 604 2514 Dei
631 2483 707 2514 Lib.
735 2484 764 2523 3,
791 2483 812 2515 6
839 2484 922 2525 (Ed.
941 2485 1095 2516 Londin.
1126 2487 1194 2516 661
1211 2486 1252 2525 E,
1284 2486 1353 2516 662
1371 2486 1434 2526 A).-
1460 2485 1532 2516 Pro
1557 2485 1674 2526 primo
1701 2485 1850 2517 istorum

540 2529 733 2570 sciendum,
771 2530 864 2572 quod
901 2531 1013 2573 aliqui
1050 2531 1258 2572 opinantur,
1296 2531 1390 2573 quod
1427 2531 1519 2563 actio
1558 2535 1592 2563 et
1616 2531 1740 2573 passio
1772 2536 1853 2563 sunt

542 2585 597 2607 res
639 2576 825 2616 relativae,
866 2586 924 2608 seu
968 2577 1066 2618 ipsae
1105 2578 1294 2609 relationes
1329 2587 1446 2618 purae
1483 2577 1754 2609 tantummodo:
1791 2579 1852 2609 sed

541 2621 795 2654 eruditioribus
814 2627 905 2664 puto
932 2627 1083 2664 constat,
1110 2623 1202 2664 quod
1229 2624 1420 2655 relationes
1446 2623 1649 2656 huiusmodi
1674 2625 1849 2656 actionem

541 2672 576 2699 et
593 2668 800 2709 passionem
829 2669 1050 2701 naturaliter
1083 2673 1357 2712 consequuntur,
1389 2674 1422 2702 et
1453 2679 1519 2711 per
1549 2679 1609 2702 eas
1641 2675 1849 2703 causantur.

545 2714 779 2757 Qapropter
803 2719 836 2746 et
862 2715 927 2747 alii
953 2716 1192 2755 arbitrantur,
1224 2716 1316 2756 quod
1348 2716 1443 2748 actio
1476 2721 1508 2747 et
1534 2716 1660 2758 passio
1693 2715 1763 2748 sint
1795 2726 1851 2749 res

539 2760 726 2792 absolutae
753 2761 943 2793 secundum
971 2771 1073 2793 suam
1101 2762 1302 2801 essentiam,
1335 2763 1567 2794 relationibus
1592 2766 1710 2794 tamen
1739 2772 1851 2795 neces-

540 2806 638 2839 sario
670 2808 873 2849 copulatae;
912 2815 946 2839 et
977 2809 1103 2839 horum
1131 2808 1277 2849 quidam
1305 2808 1531 2846 existimant,
1564 2808 1656 2849 quod
1689 2809 1782 2841 actio
1817 2814 1850 2841 et

1878 1358 1916 1379 10

1878 1637 1914 1670 15
