2056 3234
342 491 472 519 Fuithei

308 527 452 564 opinions
474 533 511 552 on

278 563 328 589 the
349 568 491 594 meaning
511 560 544 586 o‘s

354 595 468 631 passio.

312 897 453 924 Division
475 897 509 924 of

312 933 417 967 passio
439 932 504 959 into

279 967 454 1002 incorporal
476 968 534 993 and

331 1004 483 1038 corporal.

1003 203 1226 235 ,IOHANNIS
1252 203 1419 234 WICLIF
1725 201 1813 229 (ΖΑΓ).
1837 201 1872 229 X.

564 311 610 345 de
644 309 768 345 tercia
801 309 931 357 specie
965 309 1182 357 qualitatis,
1218 322 1338 356 quarn
1372 308 1606 345 Aristoteles
1639 318 1755 345 vocat
1788 322 1875 357 pas-

563 367 715 403 sionem
749 368 809 403 vel
841 366 1070 415 passibilem
1095 366 1330 415 qualitatem
1354 366 1393 402 in
1416 366 1744 413 predicamentis,
1769 368 1875 415 capi—

563 426 645 461 tulo
680 426 727 460 de
760 425 965 473 qualitate.

619 482 697 518 Alii
742 491 874 519 autem
919 491 1061 519 vocant
1106 482 1333 530 passionem
1381 494 1678 531 quamcumque
1718 495 1874 519 conser-

562 540 768 576 vacionem
804 553 920 577 cause
944 542 1130 587 secunde,
1164 540 1334 588 qualiter
1357 540 1582 576 necessario
1614 540 1744 577 omnis
1768 544 1907 577 crea-5

563 606 652 634 tura
676 599 827 645 patitur
851 611 872 634 a
896 601 993 634 Deo.
1028 598 1104 634 Alii
1139 607 1270 634 autem
1296 598 1551 645 distingwunt
1575 607 1727 635 motum
1753 598 1873 635 sensi-

563 656 682 691 bilem
718 669 739 692 a
773 668 916 704 genere
949 655 1147 704 passionis
1181 656 1313 704 primo
1347 656 1557 704 descripte.
1592 658 1639 692 Et
1672 656 1739 693 alii
1773 656 1874 693 acci-

560 713 674 761 piunt
703 710 706 766 Ι
735 714 962 762 passionem
986 713 1236 762 aggregative
1258 726 1331 762 pro
1348 714 1642 762 quantumlibet
1663 714 1875 762 disparatis
1890 719 1928 750 F.
1945 729 2006 751 212

561 771 826 819 passionibus,
861 781 904 808 ut
928 772 1110 808 infirmos
1143 773 1376 819 languentes
1410 784 1453 808 ex
1476 772 1727 820 passionibus
1751 771 1872 809 animi

561 838 598 865 et
633 830 814 877 corporis
848 830 1019 866 dicimus
1053 831 1291 877 generaliter
1324 842 1475 878 passos.
1893 845 1932 865 10

618 889 810 935 Suppono
845 900 951 935 ergo,
992 889 1099 936 quod
1133 888 1201 924 fiat
1234 887 1429 924 limitacio
1470 889 1518 924 ad
1553 887 1779 936 passionem
1813 888 1874 924 vel

560 945 806 992 pacienciam
853 946 984 994 primo
1019 947 1140 982 modo
1187 946 1349 991 dictam,
1396 954 1432 982 et
1464 955 1558 982 tunc
1597 954 1719 993 patet,
1765 947 1873 994 quod

560 1003 693 1051 aliqua
739 1012 795 1040 est
836 1003 1055 1052 spiritualis
1098 1005 1158 1040 vel
1198 1003 1450 1051 incorporea,
1497 1012 1539 1039 ut
1579 1003 1711 1040 mocio
1750 1003 1873 1039 animi

560 1060 843 1098 insensibiliter
894 1062 1065 1098 alterati.
1118 1061 1207 1098 Alia
1258 1061 1493 1109 corporalis,
1548 1070 1590 1097 ut
1643 1061 1872 1108 calefaccio,

559 1119 791 1167 frigefaccio
837 1129 911 1156 etc.
959 1122 1183 1168 Utrumque
1225 1132 1318 1156 vero
1364 1121 1591 1155 membrum
1637 1120 1742 1155 ultra
1784 1121 1929 1156 sub—15

561 1177 752 1213 dividitur
791 1179 1011 1214 secundum
1051 1177 1323 1214 diversitatem
1363 1186 1601 1214 naturarum
1638 1176 1874 1213 immediate

559 1247 765 1282 passarum
803 1245 839 1272 et
864 1236 1135 1272 diversitatem
1170 1235 1448 1283 principaliter
1481 1237 1787 1284 productorum.
1822 1237 1874 1272 Ut

558 1293 636 1329 alia
671 1302 728 1329 est
761 1293 905 1341 passio,
938 1307 1016 1342 qua
1039 1294 1170 1330 forma
1192 1293 1472 1330 substancialis
1495 1293 1745 1342 producitur,
1780 1293 1871 1340 alia,

558 1364 636 1399 qua
670 1351 886 1404 quantitas,
921 1351 1108 1399 qualitas,
1141 1352 1202 1388 vel
1224 1351 1291 1388 ubi
1315 1351 1561 1400 adquiritur3
1596 1360 1729 1387 autem
1753 1364 1873 1399 penes

558 1410 724 1445 modum
758 1409 943 1457 paciendi
977 1418 1014 1446 et
1047 1409 1399 1458 proporcionalem
1434 1409 1540 1457 passi
1564 1411 1614 1445 ad
1638 1422 1756 1457 agens
1781 1422 1873 1446 cau-
1889 1425 1931 1446 20

558 1475 667 1502 satur
701 1467 908 1504 diversitas
941 1467 1128 1516 specifica
1161 1467 1379 1515 passionis:
1414 1476 1456 1503 ut
1479 1468 1615 1515 aliqua
1649 1476 1706 1503 est
1738 1467 1872 1515 passio

558 1537 647 1560 cum
682 1525 992 1562 reinclinacione
1025 1525 1233 1574 pacientis,
1270 1534 1306 1562 et
1329 1525 1396 1562 illa
1419 1534 1586 1563 vocatur
1609 1525 1870 1573 indisposicio

556 1583 752 1630 pacientis
785 1597 807 1620 a
840 1583 1056 1620 contrario.
1092 1586 1191 1619 Nam
1227 1583 1268 1620 in
1300 1583 1410 1619 omni
1443 1583 1499 1619 sic
1533 1596 1650 1631 passo
1685 1592 1741 1619 est
1776 1585 1870 1619 dare

557 1654 718 1688 passum
765 1641 952 1678 resistens
997 1641 1160 1678 racione
1199 1641 1498 1678 contrarietatis
1543 1654 1622 1689 qua
1662 1641 1788 1677 tendit
1821 1643 1871 1677 ad

557 1699 881 1747 corrupcionem,
941 1708 984 1735 ut
1037 1699 1237 1747 corruptis
1292 1699 1555 1748 qualitatibus
1608 1699 1749 1747 primis
1802 1707 1870 1735 aut
1888 1704 1927 1736 25

556 1757 740 1793 secundis
774 1770 817 1794 ex
840 1757 935 1806 ipsis
959 1757 1260 1804 resultantibus,
1295 1769 1372 1805 que
1396 1766 1697 1805 consequuntur
1720 1757 1870 1793 formas

557 1815 859 1862 substanciales,
894 1824 952 1852 est
986 1815 1203 1863 disposicio
1227 1817 1276 1851 ad
1300 1815 1583 1851 induccionem
1616 1816 1745 1851 forme
1778 1817 1868 1851 sub-

556 1873 757 1910 stancialis
790 1873 1003 1910 contrarie.
1049 1873 1137 1909 Alia
1176 1882 1232 1909 est
1264 1873 1396 1921 passio
1435 1873 1519 1910 sine
1558 1873 1870 1909 reinclinacione

556 1931 751 1978 pacientis
797 1940 980 1979 respectu
1016 1931 1169 1979 agentis
1206 1933 1351 1968 danda.
1385 1933 1433 1967 Et
1463 1931 1552 1967 talis
1575 1940 1742 1968 vocatur
1765 1931 1870 1967 salus

556 1998 593 2024 et
627 1989 839 2036 perfeccio,
886 1998 928 2025 ut
961 1988 1212 2025 illuminacio
1258 1989 1378 2025 medii
1413 1998 1449 2025 et
1484 1998 1613 2025 cetere
1657 1988 1867 2037 passionis,
1887 2004 1928 2027 ,πο

556 2047 699 2095 quibus
738 2047 987 2095 recipiuntur
1030 2047 1159 2083 forme
1197 2049 1416 2083 secundum
1459 2059 1542 2083 esse
1580 2047 1866 2092 intencionale3

554 2105 652 2141 tales
676 2114 809 2141 autem
827 2105 1032 2153 passiones
1056 2105 1380 2141 concomitantur
1403 2105 1608 2152 passiones
1631 2105 1866 2141 violenciam

554 2161 773 2209 inferentis,
819 2172 863 2200 ut
907 2163 1252 2199 illuminacionem
1300 2162 1420 2199 medii
1460 2172 1496 2199 et
1536 2162 1865 2199 immutacionem

554 2221 694 2269 organi
725 2221 831 2257 visus
866 2221 1164 2258 concomitatur
1196 2220 1384 2257 induccio
1418 2220 1564 2257 coloris
1594 2220 1654 2257 vel
1677 2220 1868 2257 siccitatis

554 2278 594 2314 in
627 2279 830 2327 dispositis
862 2280 923 2315 vel
947 2278 1196 2327 disponentis
1220 2278 1459 2315 subiectum.
1493 2280 1541 2314 Et
1566 2278 1866 2315 multitudinem
1885 2282 1924 2316 35

553 2336 639 2373 soni
674 2337 969 2374 concomitatur
1002 2345 1154 2373 tremor
1187 2345 1224 2373 et
1258 2336 1447 2373 dilatacio
1470 2336 1658 2384 violenta,
1691 2345 1734 2372 ut
1757 2344 1867 2384 patet

624 2526 665 2553 19.
691 2517 785 2545 Cocl.:
804 2508 1003 2553 auYa21p0st
1024 2526 1117 2553 penes
1132 2519 1337 2553 ponendum?

628 2647 653 2666 1.
694 2636 748 2677 Cf.
781 2636 882 2667 Arist.
916 2636 1075 2676 Categor.
1101 2636 1145 2667 VI
1180 2636 1279 2677 [VIII]
1316 2634 1335 2666 8
1375 2636 1456 2677 (Ed.
1492 2637 1574 2669 Ραι.
1610 2636 1628 2668 I
1655 2638 1708 2675 14,
1742 2638 1763 2667 2
1788 2636 1862 2677 ssa)

634 2680 796 2723 ,Τρίτον
821 2680 860 2713 δὲ
884 2680 987 2722 γένος
1003 2679 1208 2723 ποιότητος,
1225 2681 1367 2723 παθητι
1384 2680 1443 2713 καὶ
1461 2680 1650 2723 ποιότητες
1670 2679 1729 2714 καὶ
1746 2681 1863 2724 πάθη.

552 2726 657 2759 ’Έστι
682 2726 721 2758 δὲ
744 2726 877 2781 τοιρὲδε,
897 2723 976 2759 οἷον
999 2727 1173 2769 γλυκύτης
1198 2738 1235 2759 τε
1261 2739 1319 2759 και
1343 2725 1527 2770 πικρότης,
1552 2726 1612 2759 καὶ
1626 2727 1864 2782 στρυφνότης

552 2784 611 2804 και
635 2772 754 2805 πάντα
779 2771 823 2805 τὰ
849 2773 992 2811 τούτοις
1018 2777 1177 2816 συγγενῆ,
1209 2771 1261 2805 ἐτι
1291 2771 1330 2805 δὲ
1360 2772 1545 2817 θερμότης
1576 2771 1636 2806 καὶ
1667 2772 1863 2816 ψυχρότης,

552 2817 612 2852 καὶ
636 2818 808 2861 λευκότης
832 2818 890 2851 καὶ
917 2819 1075 2862 palamst.
