2056 3234
220 182 298 219 270
997 176 1164 208 Johannis
1189 175 1312 208 Wiclif
1604 174 1731 209 Quaest.
1747 174 1815 202 VII.

505 294 650 329 corpus
683 282 903 318 humanum
930 281 1229 327 delectabiliter,
1262 281 1318 318 sic
1340 281 1537 330 possessio
1562 282 1810 328 diviciarum,

504 352 595 375 curn
636 339 686 376 sit
725 341 897 388 quedam
937 348 1138 376 structura
1171 339 1407 376 diviciarum
1441 340 1577 387 anguli
1611 342 1730 387 acuti,
1765 353 1813 377 eo

504 398 613 446 quod
645 397 734 434 talis
767 397 966 445 possessio
999 399 1050 433 ad
1072 397 1233 434 unicam
1256 410 1471 446 personam
1495 398 1556 434 vel
1578 399 1628 434 ad
1650 398 1812 435 unicam

503 456 706 504 quandam
754 455 1054 492 multitudinem
1101 455 1343 492 terminatur
1387 464 1423 492 et
1468 455 1687 503 stringitur,
1742 455 1815 492 etsi

502 525 581 549 una
604 512 802 561 possessio
826 512 932 550 acuti
956 513 1091 561 anguli
1110 515 1159 550 ad
1181 526 1302 549 unam
1321 525 1392 561 per
1415 513 1534 550 aliam
1559 514 1813 560 terminatur,
1833 516 1850 548 5

503 579 540 607 et
568 571 644 607 alia
679 572 729 607 ad
764 570 899 617 aliam,
939 580 977 607 et
1014 571 1139 608 tercia
1179 572 1229 608 ad
1268 571 1450 618 terciam,
1490 572 1564 608 hoc
1596 571 1646 608 sit
1678 584 1815 620 super-

502 629 627 665 fluum
652 638 689 665 et
712 628 986 677 irregulariter
1008 629 1218 676 intentum,
1238 629 1331 677 quia
1354 630 1574 666 secundum
1598 630 1814 666 fortunam.

502 688 674 723 Econtra
716 695 850 723 autem
888 687 1073 724 carencia
1111 687 1298 735 opposita
1337 687 1381 723 fit
1418 688 1637 723 secundum
1677 700 1717 724 se
1756 700 1821 724 re-

501 744 649 792 gularis
683 744 823 782 divisio
869 744 1112 782 extensionis
1157 744 1408 791 diviciarum,
1454 753 1491 781 et
1536 745 1726 782 differunt
1765 746 1815 782 ad

501 815 797 851 quoscumque;
830 802 951 850 igitur
982 802 1181 851 possessio
1215 802 1451 839 diviciarum
1483 803 1590 839 velut
1620 803 1814 851 asperitas
1836 817 1874 838 10

501 869 698 908 quantum
722 860 874 897 utiliter
898 869 934 897 et
956 861 1184 898 salutariter
1207 860 1391 897 innititur
1413 860 1610 909 appetitui
1638 862 1816 898 humano

501 920 551 955 ad
575 918 840 955 emittendum
863 919 1011 955 famem
1034 918 1309 967 impaciencie,
1344 919 1495 955 rabiem
1518 918 1680 955 invidie.
1714 921 1817 956 Con-

501 985 714 1025 sequenter
763 985 897 1013 autem
943 976 1096 1024 pungit,
1148 977 1309 1023 lacerat,
1360 976 1505 1013 scindit
1548 977 1609 1013 vel
1650 978 1817 1014 wlnerat

500 1034 666 1071 letalite1
725 1035 887 1071 mollem
939 1034 1113 1070 hominis
1165 1034 1404 1083 appetitum.
1457 1037 1632 1071 Econtra
1680 1043 1814 1071 autem

502 1092 687 1129 carencia
731 1093 837 1129 velut
891 1092 1084 1140 planicies
1128 1094 1346 1129 secundum
1395 1105 1435 1129 se
1480 1092 1648 1129 comiter
1691 1092 1872 1129 afficit15

501 1159 674 1187 mentem
709 1149 884 1186 hominis
924 1150 1226 1199 imperturbati:
1267 1151 1400 1187 Unde:
1435 1150 1815 1191 ‘Cantabinvacuus

501 1221 637 1245 coram
672 1209 828 1245 latrone
860 1208 1018 1245 viator³.

313 1278 392 1317 Last·
558 1267 804 1303 CONCLUslo
830 1272 1007 1301 ULTIMA:
1046 1265 1250 1302 Possessio
1283 1265 1517 1302 diviciarum
1549 1279 1631 1302 non
1654 1268 1816 1315 prodest

245 1314 449 1342 Conclusmn.
500 1325 720 1361 secundum
758 1336 798 1360 se
830 1324 919 1372 plus
952 1323 1105 1360 homini
1146 1323 1305 1364 mortali
1344 1325 1394 1360 ad
1425 1324 1549 1361 vitam
1580 1324 1813 1371 virtuosam,

303 1353 314 1375 t
333 1348 367 1375 of
385 1347 485 1375 riches

216 1349 315 1418 mitris
336 1391 422 1410 more
442 1386 473 1409 to
501 1395 622 1431 quam
658 1381 860 1418 carencia.
881 1383 1119 1428 earundem,
1158 1383 1366 1430 probatur,
1401 1382 1493 1431 quia
1527 1382 1725 1430 possessio
1758 1382 1815 1418 di-
1831 1396 1872 1418 20

245 1417 457 1492 vffitgitffispgxsfe
500 1439 693 1478 viciarum
738 1449 795 1476 est
839 1439 940 1476 sicut
986 1439 1179 1488 asperitas
1220 1448 1403 1488 respectu
1442 1440 1643 1488 appetitus
1683 1441 1814 1477 mollis

253 1495 444 1524 possessmn.
501 1507 539 1535 et
581 1497 733 1546 fragilis
776 1497 900 1546 ipsius
945 1497 1119 1534 hominis
1164 1497 1339 1534 moralis.
1385 1499 1441 1535 Ca
1469 1496 1474 1551 Ι
1502 1498 1636 1535 rencia
1679 1507 1813 1535 autem
1830 1504 1946 1547 F.193

501 1555 687 1604 opposita
728 1555 831 1592 sicut
867 1555 1073 1604 planicies,
1120 1563 1157 1592 et
1195 1555 1394 1604 possessio
1433 1555 1668 1593 diviciarum
1714 1556 1815 1593 sicut

501 1626 598 1650 aura
630 1626 772 1662 aspera
805 1623 842 1650 et
873 1622 1162 1650 tormentuosa.
1197 1614 1392 1650 Carencia
1424 1622 1558 1651 autem
1591 1616 1811 1651 secundum

500 1685 541 1708 se
578 1671 679 1708 sicut
716 1684 814 1708 aura
853 1671 949 1708 levis
989 1680 1026 1708 et
1064 1671 1295 1720 tranquilla,
1335 1672 1457 1720 igitur
1494 1685 1576 1709 non
1615 1672 1813 1721 possessio
1830 1677 1869 1710 25

501 1729 753 1777 diviciarum,
776 1731 845 1766 sed
867 1729 1008 1778 pocius
1027 1729 1211 1766 carencia
1233 1732 1454 1766 secundum
1477 1742 1517 1767 se
1539 1731 1627 1779 plus
1651 1732 1814 1778 prodest

502 1787 721 1824 moralibus
753 1789 803 1825 ad
835 1787 957 1825 vitam
988 1787 1206 1825 virtuosam
1242 1788 1461 1825 moraliter.
1508 1788 1812 1837 Consequencia

501 1854 559 1882 est
589 1855 697 1893 nota,
725 1854 762 1882 et
794 1847 1033 1882 antecedens
1065 1854 1175 1894 patet
1207 1858 1250 1882 ex
1282 1845 1534 1894 supradictis.

252 1915 451 1943 Corollaries.
560 1905 880 1940 CORROLARIUM:
929 1903 1040 1940 Licet
1084 1913 1190 1940 totus
1232 1905 1293 1940 vel
1331 1904 1446 1952 quasi
1490 1913 1598 1940 totus
1638 1905 1811 1940 mundus

234 1951 257 1978 1.
279 1950 346 1978 The
366 1950 464 1977 world
501 1970 644 2009 querat
687 1961 891 2010 possidere
935 1961 1101 1998 divicias
1146 1970 1183 1998 et
1226 1962 1311 1998 odit
1348 1963 1409 1998 vel
1446 1961 1546 2010 fugit
1584 1962 1809 1999 carenciam
1827 1969 1869 2001 30

315 1985 409 2012 refers

218 1994 412 2060 ppssgssion,
434 2020 486 2047 but
501 2018 752 2066 diviciarum,
776 2032 858 2056 non
880 2028 1017 2056 tamen
1049 2020 1089 2055 in
1122 2021 1198 2056 hoc
1232 2029 1290 2056 est
1321 2021 1509 2056 standum
1545 2033 1616 2057 suo
1648 2020 1809 2057 iudicio.

219 2055 482 2117 rssffltlundogtnfiisstct
502 2078 629 2124 Patet,
664 2077 759 2126 quia
791 2087 900 2114 totus
931 2078 993 2114 vel
1026 2077 1140 2126 quasi
1173 2086 1292 2125 totus,
1326 2087 1368 2114 ut
1397 2079 1514 2114 docet
1547 2077 1809 2126 experiencia,

325 2132 372 2152 ¹¹⁵·
501 2147 545 2171 ex
583 2135 847 2183 perversitate
886 2134 1011 2172 animi
1050 2137 1223 2172 mundus
1256 2135 1431 2172 afficitur
1469 2137 1518 2173 ad
1552 2149 1674 2184 parva
1707 2137 1811 2172 bona

500 2193 659 2230 fortune
713 2201 750 2230 et
802 2193 962 2231 modica
1020 2193 1276 2230 solicitudine
1328 2193 1458 2243 querit
1508 2203 1654 2231 natura
1705 2195 1811 2230 bona

499 2250 677 2288 virtutis:
710 2250 832 2300 igitur
855 2281 863 2289 .
889 2280 898 2289 .
921 2281 929 2290 .
1826 2258 1866 2291 35

227 2321 468 2361 ILP95sessi0n
559 2310 881 2345 CORROLARIUM:
937 2308 1049 2346 Sicut
1094 2309 1210 2358 plene
1259 2309 1420 2346 mundis
1464 2318 1502 2346 et
1546 2309 1727 2347 delicatis
1769 2309 1810 2345 in

212 2357 487 2426 impffliizsctihxivant
502 2378 672 2415 corpore
695 2366 890 2414 asperitas
914 2376 1015 2404 esset
1037 2367 1252 2413 contraria,
1283 2367 1338 2404 sic
1360 2367 1546 2416 perfectis
1570 2376 1607 2404 et
1628 2367 1808 2404 delicatis

236 2427 287 2453 the
308 2434 382 2461 pure
403 2426 461 2453 and
501 2424 686 2460 castitate
724 2424 764 2460 in
803 2424 938 2462 anima
979 2425 1180 2473 possessio
1222 2425 1458 2462 diviciarum
1500 2434 1558 2462 est
1591 2425 1808 2463 contraria.

287 2461 413 2496 perfect.
500 2483 549 2518 Et
600 2481 702 2518 sicut
753 2481 1004 2530 pacientibus
1056 2482 1256 2531 pruritum
1309 2483 1350 2519 in
1401 2496 1572 2532 corpore
1616 2484 1809 2532 asperitas

501 2539 729 2589 aliqualiter
773 2549 831 2577 est
875 2540 983 2577 utilis
1029 2549 1066 2577 et
1106 2540 1359 2588 conveniens,
1399 2541 1454 2578 sic
1492 2541 1735 2590 imperfectis
1774 2550 1868 2588 et4o

566 2681 595 2712 4.
613 2674 803 2708 terminatur]
819 2674 907 2702 cod.:
927 2675 969 2702 t'2.
1026 2674 1067 2703 33.
1085 2676 1230 2710 mundus]
1251 2675 1339 2705 cod.:
1359 2668 1430 2705 mess*
1444 2689 1475 2701 =
1497 2685 1594 2704 mens.
1649 2676 1696 2711 34.
1714 2677 1809 2705 Coa'..·

497 2708 652 2736 modicam
673 2708 910 2737 solicitudinem.

573 2790 622 2823 16.
649 2792 833 2825 Juvenalis
860 2793 936 2824 Sat.
964 2794 1008 2832 X,
1037 2795 1093 2826 22.
