2056 3234
251 177 331 211 224

315 1326 461 1366 Different
493 1361 498 1365 ἡ

286 1370 445 1396 meaumgs
464 1364 495 1388 ot

325 1396 453 1424 ‘creatc'.

294 1965 441 2000 Propcrly
460 1965 482 1992 it

250 2008 356 2027 means
379 2004 409 2026 to
431 2000 519 2026 make

249 2040 301 2062 out
323 2035 357 2061 of
375 2034 514 2068 nothing.

1037 172 1202 204 Johannis
1228 172 1350 204 Wiclif
1676 172 1802 206 Quaest.
1822 171 1845 197 Ι,

538 278 711 315 corditer
734 291 778 315 ex
799 278 948 314 nichilo
972 277 1094 314 nichil
1118 277 1216 323 fieri,
1242 286 1282 313 ut
1305 286 1413 325 patet
1433 277 1565 325 primo
1581 278 1844 324 Phisicorum,

537 349 617 372 non
633 345 814 384 potentes
835 336 993 383 ingenio
1014 335 1186 372 naturali
1208 335 1389 371 scienciis
1412 335 1504 382 suis,
1521 348 1597 383 que
1619 349 1661 372 ex
1680 335 1846 372 sensatis

538 403 671 430 ortum
710 395 870 439 habent,
910 394 1086 430 invenire
1126 393 1347 441 quidquam
1382 393 1480 439 fieri,
1521 393 1595 429 nisi
1635 406 1678 429 ex
1710 393 1846 441 aliquo

537 452 597 488 vel
636 453 683 488 de
722 452 870 500 aliquo,
917 465 1006 487 cum
1046 463 1089 487 ex
1134 450 1299 486 sensatis
1344 451 1504 498 ingenio
1548 451 1721 487 naturali
1766 464 1847 487 non

537 519 722 558 poterant
743 510 920 546 invenire
943 509 1094 556 aliquid
1118 508 1215 552 fieri⁷
1239 508 1314 544 nisi
1337 508 1481 556 ipsum,
1512 510 1618 557 quod
1645 509 1699 545 sic
1723 509 1845 555 fieret,
1864 513 1879 544 5

538 577 640 604 esset
662 567 752 603 talis
780 566 970 603 faccionis
996 576 1032 603 et
1059 566 1312 613 mutacionis,
1346 579 1422 614 que
1450 567 1575 603 faccio
1606 576 1642 602 et
1673 567 1847 603 mutacio

539 634 639 662 esset
671 637 848 661 recessus
882 624 1049 661 alicuius
1082 625 1130 660 ab
1164 624 1299 672 aliquo
1333 633 1369 659 et
1396 637 1577 660 accessus
1601 626 1649 660 ad
1674 624 1845 672 aliquid3

539 692 575 719 et
599 683 710 728 illud,
735 684 843 731 quod
866 682 906 718 in
927 682 998 718 tali
1022 681 1250 718 mutacione
1272 682 1333 718 vel
1355 682 1535 718 faccione
1564 682 1619 718 sic
1646 684 1848 718 recederet

539 744 587 777 ab
622 741 770 789 aliquo,
807 749 843 776 et
876 742 1084 776 accederet
1116 741 1166 776 ad
1200 739 1321 785 aliud,
1363 740 1512 777 scilicet
1545 742 1594 776 ad
1631 740 1846 776 terminum

539 798 745 841 faccionis,
780 807 880 835 esset
914 798 1149 847 subiectum,
1184 799 1231 833 de
1265 810 1344 845 quo
1366 799 1427 834 vel
1452 810 1494 834 ex
1518 811 1596 846 quo
1620 798 1845 834 faciendum
1869 812 1906 832 10

539 857 662 893 fieret.
698 858 817 901 Quod
850 865 983 892 autem
1021 855 1154 904 posuit
1187 856 1299 891 Plato
1339 857 1534 891 mundum
1574 856 1723 892 factum
1758 869 1846 892 cum

539 924 734 962 tempore,
759 915 833 950 hoc
856 914 956 950 forte
978 914 1051 950 fuit
1074 926 1117 950 ex
1141 913 1514 950 communicacione
1538 927 1628 949 cum
1652 914 1847 962 theologis

538 972 578 1008 in
611 972 767 1020 Egipto,
808 984 830 1008 a
867 972 1011 1019 quibus
1049 972 1097 1008 de
1136 971 1210 1007 ista
1250 972 1418 1007 materia
1456 972 1675 1008 creacionis
1709 971 1849 1008 mundi

539 1039 575 1066 et
598 1030 685 1066 aliis
707 1029 893 1078 plurimis
919 1029 1096 1066 materiis
1119 1029 1347 1065 difficilibus
1370 1030 1410 1065 in
1433 1030 1635 1077 theologia
1653 1030 1849 1066 contraxit

538 1088 709 1136 aliquale
753 1100 876 1136 genus
919 1088 980 1123 vel
1023 1086 1238 1123 scintillam
1282 1087 1375 1123 fidei
1420 1097 1456 1123 et
1501 1087 1749 1124 credulitatis
1778 1084 1783 1140 Ι
1813 1096 1849 1124 et
1866 1092 1999 1133 F.177‘

538 1145 680 1182 exhinc
713 1145 769 1181 ita
801 1145 948 1193 posuit.

598 1204 888 1240 Descendendo
904 1211 1039 1239 tamen
1055 1203 1105 1238 ad
1121 1202 1364 1239 decisionem
1381 1203 1600 1251 questionis
1619 1203 1849 1252 aliqualem,

540 1262 647 1298 iuxta
680 1271 760 1297 tres
793 1269 926 1309 partes
958 1260 1072 1308 tytuli
1105 1269 1184 1297 tres
1218 1269 1333 1296 erunt
1367 1261 1537 1297 articuli.

597 1321 687 1364 Quo
702 1320 752 1355 ad
770 1319 945 1367 primum
965 1318 1192 1364 articulum,
1211 1327 1346 1354 utrum
1362 1320 1467 1355 Deus
1487 1319 1634 1355 creavit
1653 1320 1847 1355 mundum

539 1377 766 1413 sensibilem
789 1377 836 1414 in
852 1377 983 1425 primo
1006 1376 1169 1412 instanti
1196 1376 1401 1424 temporis,
1435 1386 1544 1422 noto,
1578 1378 1685 1425 quod
1715 1389 1850 1413 creare
1867 1391 1908 1412 20

539 1435 711 1471 sumitur
726 1434 1019 1482 multipliciter:
1039 1434 1256 1482 aliquando
1274 1435 1512 1482 generaliter
1527 1448 1599 1482 pro
1614 1436 1848 1483 producere,

540 1502 577 1529 et
610 1493 736 1530 creari
769 1505 840 1541 pro
873 1492 1040 1540 produci
1073 1492 1179 1528 iuxta
1212 1492 1311 1528 illud
1343 1492 1612 1529 Ecclesiastici
1647 1497 1742 1538 240:
1777 1494 1850 1529 ‘Ab

539 1551 659 1587 inicio
693 1560 730 1587 et
762 1559 854 1587 ante
887 1551 1020 1587 secula
1053 1559 1186 1586 creata
1218 1553 1336 1596 sum’,
1371 1550 1410 1586 id
1440 1559 1496 1587 est
1528 1552 1737 1598 producta.
1770 1550 1851 1586 Ali—

540 1610 701 1657 quando
734 1608 905 1645 sumitur
937 1608 1175 1656 generaliter
1206 1621 1278 1656 pro
1310 1608 1439 1644 facere
1473 1617 1509 1644 et
1543 1617 1718 1655 econtra,
1745 1608 1852 1644 iuxta

538 1666 638 1702 illud
670 1668 766 1705 Gen.
804 1670 864 1702 10:
911 1669 973 1702 cEt
1010 1665 1109 1702 vidit
1141 1668 1246 1702 Deus
1286 1675 1441 1712 cuncta,
1482 1679 1558 1714 que
1596 1667 1773 1713 fecerat’,
1812 1666 1851 1702 id
1869 1670 1907 1702 25

540 1733 597 1761 est
628 1733 844 1771 creaverat,
879 1727 931 1760 ‘et
964 1733 1076 1760 erant
1107 1725 1222 1760 valde
1255 1725 1388 1760 bona&
1434 1724 1662 1772 Aliquando
1696 1724 1852 1772 capitur

538 1795 612 1830 pro
641 1782 931 1819 constitucione
964 1782 1132 1818 alicuius
1164 1782 1205 1817 in
1238 1782 1373 1830 aliqua
1399 1790 1609 1830 potestate,
1643 1783 1768 1830 gradu
1790 1782 1851 1818 vel

539 1840 744 1888 dignitate,
784 1853 860 1888 que
898 1853 979 1876 non
1018 1842 1066 1876 de
1104 1840 1292 1888 potencia
1330 1839 1454 1888 ipsius
1487 1840 1543 1876 rei
1577 1840 1759 1876 educitur
1790 1840 1851 1876 vel

539 1898 787 1946 producitur,
827 1898 928 1934 sicut
966 1897 1128 1946 proprie
1168 1897 1314 1934 dicitur
1353 1910 1486 1934 creare
1526 1898 1762 1944 cardinales,
1796 1898 1851 1934 sic

540 1956 725 1992 dicuntur
747 1956 876 1992 creari
898 1955 1048 2004 publici
1065 1956 1225 1992 notarii.
1249 1955 1338 1992 Alio
1355 1957 1474 1992 modo
1491 1956 1661 1992 sumitur
1676 1956 1851 2004 proprie,
1870 1961 1910 1993 30

540 2023 578 2050 et
610 2023 667 2051 est
706 2027 785 2062 quo
825 2015 875 2050 ad
914 2014 1011 2062 quid
1049 2014 1224 2050 nominis
1264 2026 1306 2050 ex
1344 2013 1493 2050 nichilo
1524 2015 1585 2050 vel
1624 2015 1671 2050 de
1703 2013 1853 2050 nichilo

539 2072 690 2120 aliquid
728 2073 948 2120 producere
980 2072 1041 2108 vel
1078 2072 1221 2118 facere,
1263 2081 1300 2107 et
1339 2071 1394 2108 sic
1427 2071 1583 2119 capitur
1620 2071 1660 2107 in
1694 2071 1853 2108 exordio

540 2130 679 2176 Biblie,
714 2143 803 2166 cum
838 2130 1003 2166 dicitur:
1044 2132 1101 2166 ‘In
1135 2130 1296 2166 exordio
1330 2130 1478 2166 creavit
1511 2132 1616 2166 Deus
1650 2130 1778 2166 celum
1818 2138 1855 2165 et

610 2275 634 2303 3.
665 2275 818 2303 Cod.:f1
846 2283 881 2302 ex
907 2275 1021 2302 nichilo
1050 2275 1108 2302 nisi
1136 2283 1171 2301 ex
1198 2275 1311 2310 aliquo.
1455 2283 1497 2308 14.
1528 2275 1622 2302 Cod.:
1656 2275 1853 2302 difficillibus.

542 2341 587 2367 20,
608 2341 647 2361 21
667 2334 701 2360 In
723 2341 818 2368 mar-g
841 2333 927 2360 cod:
949 2333 1065 2360 “creare
1086 2332 1206 2368 capitur
1226 2333 1346 2368 multip]
1351 2332 1447 2361 iciter.

616 2428 643 2448 1.
685 2418 737 2460 Cf.
768 2418 871 2448 Arist.
904 2418 978 2448 Nat.
1012 2418 1115 2448 Ausc.
1148 2415 1251 2456 18,1
1289 2417 1372 2457 (Ed.
1407 2418 1489 2448 Par.
1516 2417 1556 2447 II
1577 2418 1663 2454 258,
1696 2417 1747 2447 40
1773 2417 1855 2456 ssu).-

545 2463 743 2504 Ζητοῦντες
777 2461 844 2505 γὰρ
876 2461 911 2494 οἱ
940 2461 1031 2494 κατὰ
1065 2461 1288 2503 φιλοσοφίαν
1321 2465 1460 2504 πρῶτοι
1491 2460 1557 2503 τὴν
1588 2460 1765 2503 ἀλήθειαν
1794 2459 1854 2493 καὶ

543 2507 607 2550 τὴν
633 2508 743 2550 φύσιν
768 2507 834 2550 τὴν
865 2511 940 2540 τῶν
973 2508 1090 2540 ὄντων
1122 2506 1369 2550 ἐξετράπησαν
1404 2504 1483 2540 οἷον
1517 2506 1605 2540 ὁδόν
1636 2519 1716 2539 τινα
1748 2506 1855 2549 ἄλλην

544 2553 780 2592 ἀπωσθέντες
805 2552 877 2586 ὑπὸ
905 2554 1083 2597 ἀπειρίας,
1108 2553 1169 2586 καὶ
1196 2553 1308 2595 φασὶν
1334 2553 1417 2586 οὔτε
1441 2553 1627 2607 γίγνεσθαι
1646 2557 1720 2585 τῶν
1739 2553 1854 2586 ὄντων

544 2599 628 2633 ουδὲ
616 2612 651 2632 ρν
682 2600 765 2633 οὔτε
799 2600 1033 2657 φθείρεσθαι,
1071 2599 1131 2632 διὰ
1163 2597 1204 2632 τὸ
1237 2599 1433 2642 ἀναγκαῖον
1463 2611 1528 2642 μεν
1554 2600 1645 2632 εἶναι
1668 2599 1763 2641 yL'Jva
1751 2600 1855 2631 εσθαι

543 2644 584 2679 τὸ
609 2645 817 2702 γιγνόμενον
842 2644 863 2689 ἢ
890 2644 928 2686 εξ
947 2646 1051 2684 ὄντος
1068 2643 1089 2688 ἢ
1109 2658 1147 2678 εκ
1165 2645 1212 2689 μὴ
1232 2646 1347 2688 ὀντος,
1366 2644 1404 2678 ἐκ
1422 2644 1461 2678 δε
1479 2646 1619 2678 τούτων
1637 2645 1855 2688 ἀμφοτέρων

544 2692 727 2725 ἀδύνατον
760 2688 866 2725 εἶναι’
902 2692 984 2725 οὔτε
1015 2692 1082 2735 γὰρ
1109 2689 1148 2724 τὸ
1177 2690 1218 2725 ὂν
1242 2692 1429 2734 γιγνεσθαι
1454 2687 1563 2733 (εἶναι
1586 2691 1653 2735 γὰρ
1679 2691 1824 2734 &Bima

544 2751 587 2772 τε
612 2751 667 2782 μη
695 2739 822 2777 ὄντος
848 2737 979 2772 οὐὸεν
1005 2751 1055 2771 αν
1079 2738 1308 2780 γενέσθαι,
1326 2737 1598 2771 ὑποκεῖσθαι
1622 2738 1700 2781 γάρ
1719 2749 1758 2769 τι
1777 2738 1852 2770 δεῖ.

548 2797 600 2817 22.
628 2787 827 2818 Ecclesiast.
859 2787 915 2823 24,
947 2788 988 2816 7⁴!
1098 2786 1149 2817 25.
1181 2789 1266 2818 (1671.
1295 2787 1388 2817 1521.
1487 2787 1539 2819 33.
1570 2788 1653 2818 Gen.
1685 2788 1708 2823 I,
1738 2788 1760 2816 l.
