2056 3234
185 825 222 845 10

90 872 223 904 F.215¹

186 1103 220 1135 15

185 1682 224 1714 25

184 1973 225 2004 30

236 183 324 211 CAP.
347 183 413 210 XII·
561 185 620 216 DE
647 185 769 216 ENTE
798 184 1220 215 PREDICAMENTALI.

1764 188 1837 222 109

237 291 344 328 ciens
389 290 711 327 conformitatem
757 292 806 326 ad
850 290 1086 337 simpliciter
1131 302 1200 337 per
1235 302 1275 325 se
1308 289 1478 335 iustum,
1513 298 1550 325 et
1571 296 1638 323 Just
1660 297 1718 324 and
1741 297 1844 331 unjust

236 348 426 384 iniustum
472 348 672 384 contrarie
718 347 812 384 dicit
857 347 1161 383 difformitatem
1195 349 1244 383 ad
1278 346 1449 394 primam
1484 360 1551 383 vo-

237 408 446 443 luntatem.
482 406 679 442 Dicuntur
712 415 848 442 tamen
876 405 1025 441 iustum
1060 414 1098 441 et
1130 405 1323 440 iniustum
1359 405 1550 453 equivoce

236 466 297 501 vel
329 465 509 500 absolute
555 477 627 512 pro
673 463 848 500 essencia
896 463 1014 509 iusta,
1061 471 1098 499 et
1132 464 1206 499 hoc
1242 463 1303 499 vel
1348 463 1479 510 primo
1515 471 1551 498 et

238 535 308 570 per
341 534 381 558 se
413 521 530 568 iusta,
562 523 624 558 vel
657 535 678 558 a
710 521 842 570 prima
874 521 1032 557 iusticia
1065 530 1240 566 causata,
1274 522 1334 557 vel
1367 521 1548 557 absolute

238 579 437 616 contrarie
471 588 507 615 et
551 579 791 616 abstractive
835 592 907 627 pro
940 578 1035 627 ipsis
1067 578 1224 614 iusticia
1257 588 1294 614 et
1326 578 1548 623 iniusticia;

237 639 297 674 vel
330 637 575 673 contractive
598 650 671 685 pro
701 636 881 673 subiecto
905 637 999 684 ipsis
1024 636 1283 685 qualitatibus
1317 636 1549 682 informato,

239 705 276 732 et
308 704 480 743 utroque
513 695 681 731 istorum
716 696 929 731 modorum
963 704 1055 730 sunt
1078 694 1301 741 contraria3
1334 695 1393 730 vel
1426 693 1552 730 tercio

239 766 312 801 pro
345 765 615 801 quocumque,
660 754 767 801 quod
800 752 904 789 iusta
939 765 1058 788 causa
1091 752 1192 788 iuste
1226 761 1376 793 causat,
1424 760 1461 788 et
1493 751 1550 787 in-

238 811 387 847 iustum
421 823 493 858 pro
518 810 599 856 illo,
634 812 740 858 quod
764 823 884 858 agens
908 810 1051 846 iniusta
1078 818 1236 855 causat,
1270 819 1307 846 et
1330 809 1406 846 isto
1431 811 1553 845 modo

237 870 302 905 wlt
333 869 558 915 Anselmus,
593 870 702 916 quod
741 867 906 918 passio}
937 867 1057 904 Cristi
1098 877 1154 904 est
1194 868 1342 903 iniusta
1382 880 1461 915 quo
1503 869 1553 903 ad

236 929 397 973 Judeos,
438 926 565 973 ipsam
601 935 824 971 causantes,
867 936 903 962 et
937 926 1039 962 iusta
1080 926 1285 962 conclusio
1327 927 1376 962 ad
1410 928 1552 969 Deum,

239 984 367 1032 ipsam
403 993 650 1020 causantem.

296 1044 413 1079 Istam
448 1051 583 1078 tamen
614 1042 770 1089 loycam
803 1054 885 1077 non
918 1042 1098 1089 approbo
1132 1042 1351 1077 secundum
1381 1053 1556 1079 sensum.

240 1102 353 1136 Unde
377 1099 463 1147 pari
488 1099 703 1145 evidencia,
731 1112 809 1147 qua
843 1099 990 1135 diceret
1014 1098 1129 1135 istam
1157 1111 1239 1135 esse
1273 1098 1476 1144 iniustam,
1512 1111 1555 1134 ex

239 1160 326 1204 hoc⁷
351 1158 458 1206 quod
481 1157 693 1193 verbaliter
717 1159 858 1193 doctor
881 1156 935 1192 sic
959 1156 1074 1192 dicit:
1110 1158 1416 1203 „concederem,
1447 1158 1555 1204 quod

238 1215 343 1251 idem
360 1224 568 1263 peccatum
586 1216 702 1251 debet
722 1228 804 1251 esse
825 1224 861 1251 et
877 1228 957 1251 non
978 1216 1093 1251 debet
1110 1216 1234 1261 esse'',
1252 1214 1403 1250 Cristus
1419 1214 1556 1250 debuit

240 1273 341 1309 mori
382 1282 418 1309 et
458 1286 539 1308 non
578 1272 715 1309 debuit
754 1273 870 1309 mori.
918 1275 1017 1309 Nam
1059 1282 1276 1321 utrumque
1315 1273 1555 1308 concederet

1582 332 1671 366 being
1692 332 1832 370 absolute

1580 374 1630 392 are
1651 371 1832 393 contraries.

1580 699 1783 735 Explanation
1805 700 1839 727 of

1625 735 1786 762 Anselm's

1638 774 1779 797 sentence

1613 805 1802 839 concerning

1640 840 1774 866 Christ's

1613 875 1803 902 crucifixion.

240 1332 381 1367 doctor
420 1330 582 1375 ibidem,
623 1330 713 1366 ideo
753 1330 848 1366 satis
885 1339 942 1366 est
976 1332 1195 1366 concedere
1228 1343 1388 1366 sensum
1423 1342 1552 1365 suum.
1595 1340 1597 1342 ·

239 1391 327 1424 Non
348 1388 452 1424 enim
472 1389 602 1436 placet
620 1388 807 1424 omnibus
827 1389 1059 1433 concedere,
1077 1390 1185 1435 quod
1205 1400 1325 1424 omne
1344 1396 1554 1435 peccatum

240 1455 297 1482 est
320 1446 482 1491 iustum,
501 1446 594 1494 quia
611 1448 716 1482 Deus
736 1446 835 1482 iuste
852 1445 950 1481 illud
966 1446 1177 1493 permittit.
1194 1446 1257 1482 Sic
1275 1446 1380 1482 enim
1397 1458 1555 1481 summa

241 1504 441 1540 iniusticia
465 1513 566 1540 esset
598 1504 830 1546 iustissima,
857 1504 950 1552 quia
981 1505 1029 1540 ab
1061 1506 1136 1539 hoc
1169 1505 1254 1540 solo
1284 1505 1415 1545 habet,
1448 1504 1555 1551 quod

241 1561 289 1598 sit
312 1561 429 1605 iusta,
455 1562 547 1610 quia
571 1561 673 1598 iuste
697 1561 896 1610 permittit
919 1562 1046 1609 ipsam
1072 1564 1177 1597 Deus
1203 1574 1304 1607 esse3
1341 1571 1377 1597 et
1401 1570 1552 1597 certum

241 1628 312 1666 est,
337 1621 444 1667 quod
467 1632 623 1655 summe
646 1620 747 1655 iuste
773 1619 968 1667 permittit
988 1622 1093 1656 Deus
1118 1619 1245 1667 ipsam
1272 1632 1368 1655 esse.
1394 1620 1500 1665 Ideo,
1525 1618 1555 1654 si

241 1686 298 1713 est
321 1677 436 1722 iusta,
473 1687 529 1713 est
561 1690 718 1714 summe
742 1677 858 1722 iusta,
893 1686 929 1713 et
953 1679 1027 1713 hoc
1051 1678 1153 1713 forte
1177 1679 1428 1721 concederet,
1464 1689 1554 1713 cum

241 1735 396 1771 iusticia
431 1735 611 1771 consistit
645 1735 685 1771 in
719 1735 971 1780 rectitudine,
1010 1748 1090 1771 non
1129 1735 1294 1782 suscipit
1329 1734 1454 1782 magis
1488 1743 1556 1770 aut

242 1793 394 1838 minus3
429 1802 465 1828 et
498 1793 664 1829 ulterius
697 1794 797 1829 forte
832 1795 1082 1838 concederet,
1118 1795 1226 1841 quod
1259 1805 1378 1829 omne
1407 1805 1475 1829 ens
1499 1801 1556 1828 est

240 1850 517 1896 iustissimum,
536 1860 572 1887 et
589 1851 643 1887 sic
660 1854 766 1887 Deus
783 1851 822 1886 in
841 1851 1123 1898 predicacione
1139 1853 1357 1887 secundum
1378 1863 1554 1895 causam,

240 1909 342 1944 sicut
377 1908 508 1944 omnis
540 1909 685 1945 veritas
720 1918 776 1945 est
799 1909 998 1945 rectitudo
1032 1910 1091 1945 vel
1115 1908 1271 1945 iusticia
1304 1910 1390 1944 sola
1424 1917 1556 1944 mente

240 1966 524 2014 perceptibilis.
582 1969 663 2003 Nec
707 1967 808 2002 foret
853 1966 927 2002 sibi
976 1967 1101 2015 magis
1146 1966 1429 2003 inconveniens
1463 1979 1556 2002 con-

241 2026 380 2060 cedere
413 2024 612 2060 iusticiam
647 2025 730 2060 fore
759 2024 1015 2070 iniusticiam,
1050 2037 1170 2073 quam
1206 2026 1425 2060 concedere
1457 2023 1557 2060 veri-

240 2091 363 2118 tatem
411 2095 494 2118 esse
538 2082 766 2131 falsitatem,
817 2084 924 2130 quod
970 2092 1027 2118 est
1083 2084 1314 2127 concedere,
1360 2091 1401 2117 ut
1446 2090 1556 2129 patet

241 2149 414 2176 tractatu
453 2141 500 2176 de
533 2140 722 2176 Veritate.
768 2142 882 2187 Ymo,
923 2140 1026 2176 sicut
1066 2140 1248 2176 concedit
1287 2142 1436 2176 bonum
1472 2151 1555 2175 esse

310 2260 348 2288 31.
374 2261 446 2288 Coei.
457 2270 467 2286 .·
488 2261 586 2288 iustiss.

314 2343 363 2373 14.
389 2333 545 2364 Anselmi
566 2333 825 2364 Cantuariensis
851 2333 986 2375 Dialog.
1015 2334 1056 2364 de
1075 2334 1239 2373 Veritate,
1267 2344 1295 2365 c.
1314 2333 1388 2365 VIII
1416 2333 1556 2375 (Migne

244 2380 396 2411 CLVIII
419 2380 529 2420 477).·
567 2378 660 2417 Quid
691 2381 810 2418 etiam,
844 2381 874 2411 si
906 2380 1098 2412 secundum
1128 2385 1296 2412 naturam
1326 2389 1445 2412 rerum
1473 2389 1554 2411 con-

241 2425 384 2463 sideres,
420 2430 457 2457 ut
489 2435 566 2457 cum
601 2426 692 2458 clavi
717 2427 836 2469 ferrei
867 2427 1031 2468 impressi
1062 2431 1143 2458 sunt
1169 2426 1202 2457 in
1229 2436 1358 2468 corpus
1388 2426 1556 2457 Domini:

241 2481 286 2503 an
326 2472 417 2503 dices
441 2472 618 2514 fragilem
650 2482 793 2504 carnem
828 2482 896 2504 non
931 2473 1090 2504 debuisse
1114 2473 1317 2514 penetrari,
1351 2476 1415 2504 aut
1448 2476 1554 2504 acuto

229 2518 338 2559 ferro
358 2522 589 2560 penetratam
619 2528 686 2550 non
714 2519 875 2550 debuisse
900 2518 1053 2551 dolet-ei>
1072 2544 1078 2550 .
1099 2541 1106 2548 .
1126 2542 1133 2549 .
1154 2543 1161 2550 .
1189 2520 1309 2550 Potest
1336 2519 1448 2561 igitur
1473 2528 1554 2550 con-

242 2564 389 2606 tingere,
428 2569 463 2596 ut
501 2564 628 2597 debeat
659 2574 732 2597 esse
764 2565 956 2597 secundum
990 2569 1160 2596 naturam
1195 2565 1301 2604 actio,
1340 2566 1393 2596 vel
1420 2565 1554 2606 passio,

243 2619 330 2650 quae
367 2611 556 2642 secundum
597 2616 763 2653 agentem
802 2612 854 2642 vel
888 2612 1085 2653 patientem
1125 2620 1199 2642 esse
1237 2621 1305 2642 non
1345 2610 1553 2644 debet....

247 2656 350 2688 Vides
383 2656 505 2698 igitur,
537 2657 740 2699 saepissime
766 2666 872 2699 posse
909 2657 1129 2700 contingere,
1171 2661 1214 2688 ut
1250 2657 1395 2688 eadem
1435 2657 1554 2688 actio

244 2702 398 2734 debeat
425 2712 516 2735 esse
542 2707 581 2734 et
608 2713 687 2735 non
714 2704 870 2735 debeat
896 2713 1005 2741 esse,
1032 2703 1183 2736 diversis
1200 2703 1554 2735 considerationibus.

245 2748 297 2780 33.
339 2749 390 2789 Cf.
429 2749 584 2780 Anselmi
623 2749 879 2780 Cantuariensis
923 2749 1059 2790 Dialog.
1098 2749 1149 2780 De
1180 2749 1331 2780 Veritate
1373 2759 1447 2790 cap.
1480 2749 1553 2780 VIII

202 2805 205 2807 ·
244 2794 382 2836 (Migne
411 2794 569 2825 CLVIII
594 2796 699 2835 477):
736 2796 820 2826 Cum
849 2805 932 2827 vero
954 2805 1110 2837 peccans
1137 2796 1179 2827 ab
1206 2805 1256 2835 eo,
1289 2796 1337 2826 aa'
1363 2805 1458 2835 quem
1487 2805 1552 2826 non
