2056 3234
200 178 325 214 Quaest.
346 179 382 206 Π·
482 181 710 219 Quaestiones
737 181 870 221 logicae
897 187 929 212 et
954 180 1228 222 philosophicae.
1712 176 1790 222 237

200 286 371 333 amplius
405 286 669 334 exemplatum
710 285 862 333 recipit,
902 286 976 321 nisi
1011 288 1058 321 de
1091 296 1241 335 quanto
1275 288 1504 335 exemplans

201 345 367 380 eandem
419 343 493 379 sibi
545 343 753 391 imprimit.
809 345 933 389 Unde,
987 343 1087 380 sicut
1137 345 1168 380 si
1216 345 1331 391 plena
1376 345 1505 381 forma

199 401 317 448 sigilli
361 401 528 448 tingitur
575 413 665 437 cera
713 400 823 436 molli
864 409 900 436 et
939 401 1090 448 capaci,
1135 411 1230 437 tunc
1270 414 1358 438 cera
1398 403 1504 450 capit

199 460 359 506 plenam
392 458 583 503 formam3
617 458 647 494 si
680 471 773 504 non,
809 467 904 494 tunc
936 471 1035 503 non3
1070 472 1162 507 ergo
1197 458 1320 495 eciam
1356 459 1386 495 si
1420 469 1504 495 tota

167 516 342 552 5veritas
387 515 709 563 proposicionem
755 515 945 563 primarie
989 516 1213 564 significata
1258 517 1504 565 imprimitur

199 573 470 621 proposicioni
502 574 563 609 vel
594 573 719 621 signo,
753 582 848 609 tunc
882 586 969 609 eam
1004 583 1163 622 caperet
1197 583 1233 610 et
1266 575 1505 611 formabitur

200 644 221 667 a
253 630 323 667 tali
356 631 484 678 plene.
531 630 571 667 Si
604 643 697 667 vero
729 644 822 677 non,
863 639 957 667 tunc
991 644 1083 668 non.
1130 634 1244 668 Unde
1278 632 1506 668 humanitas

199 690 283 725 sola
313 689 374 724 vel
406 688 633 724 animalitas
656 697 812 724 tantum
836 701 917 724 non
939 689 1113 725 formant
1136 691 1238 726 hanc
1262 690 1503 726 dicenciam:

199 748 336 782 ‘homo
368 754 424 781 est
456 746 640 791 animal’3
675 745 858 782 similiter
892 746 1072 794 capiatur
1104 747 1144 783 in
1177 747 1274 783 aliis.

146 818 185 838 10
258 806 312 839 Ex
335 816 415 851 quo
438 804 618 851 sequitur
641 803 868 848 cori-olane,
888 805 995 851 quod
1018 805 1127 841 nulla
1144 805 1289 841 veritas
1312 804 1506 853 simplicis
1537 814 1674 853 Hence-a
1695 815 1779 841 trum

201 860 530 909 apprehensionis
562 863 782 897 secundum
817 861 1001 897 infimum
1034 864 1203 910 gradum
1236 863 1296 898 vel
1329 862 1504 898 medium
1580 849 1614 876 of
1631 850 1741 888 simple

1545 892 1559 910 a
1595 885 1772 910 η’ρίωηειοιι

200 919 359 955 unionis
387 918 646 966 intelligibilis
680 919 918 966 exemplabit
950 920 1275 967 proposicionem
1310 920 1506 968 kategori-
1544 892 1655 945 C‘ffiflffi
1678 919 1711 945 be
1732 927 1769 946 an

201 990 288 1013 cam
320 977 381 1013 vel
412 976 698 1024 ypotheticam,
733 989 823 1013 cum
857 989 938 1012 non
961 977 1009 1012 sit
1037 978 1119 1014 eius
1142 979 1340 1026 adequata
1364 978 1505 1023 forma,
1547 953 1773 1027 ecxzsitggglleiCo-(fna

54 1039 91 1069 F.
113 1037 185 1069 182¹
200 1034 383 1070 similiter
414 1046 487 1070 nec
509 1034 653 1071 veritas
686 1047 756 1082 per
779 1034 1002 1082 simplicem
1027 1036 1298 1083 kategoricam
1322 1035 1476 1083 signata
1501 1032 1504 1087 l
1524 1023 1797 1092 Ρΐέζξεῖξῗορῐξᾟωά

148 1091 440 1140 15exemplabit
471 1104 605 1128 veram
639 1092 964 1140 proposicionem
997 1093 1284 1140 ypotheticam.
1569 1093 1636 1119 vice
1657 1101 1753 1120 versa.

259 1152 504 1186 CONCLUSIO
527 1156 668 1184 PRIMA:
703 1152 850 1186 Omnes
884 1151 1185 1198 proposiciones
1224 1163 1314 1187 vere
1353 1164 1374 1187 a
1408 1150 1508 1187 veri·
1593 1162 1642 1189 ΑΗ
1664 1166 1730 1201 u-ue

201 1207 348 1244 tatibus
387 1216 478 1243 sunt
518 1208 756 1255 exemplam,
803 1216 924 1255 patet,
965 1208 1058 1256 quia
1096 1209 1226 1245 omnis
1264 1209 1407 1245 veritas
1440 1221 1509 1255 per
1559 1202 1770 1259 plussoestiluuoens

201 1265 521 1313 preposicionem
560 1265 832 1313 significabilis
877 1274 933 1301 est
977 1266 1105 1302 forma
1149 1267 1374 1314 exemplans
1419 1279 1509 1313 pro-
1579 1268 1745 1301 cxamples.

201 1323 430 1370 posicionis,
474 1323 650 1359 formans
691 1332 726 1359 et
766 1323 1030 1360 denominans
1069 1324 1197 1372 ipsam
1237 1337 1321 1360 esse
1358 1336 1507 1367 veram,

145 1394 186 1414 20
201 1390 243 1416 ut
276 1381 371 1417 dixit
404 1380 646 1428 supposicio‚
681 1390 717 1416 et
740 1381 916 1416 notabile
939 1383 1180 1427 secundum
1213 1394 1306 1429 ergo
1337 1381 1509 1429 quelibet

201 1438 291 1474 talis
324 1438 564 1486 exemplabit
596 1438 919 1487 proposicionem
957 1451 1039 1475 esse
1072 1452 1221 1485 veram,
1256 1449 1292 1476 et
1326 1452 1395 1487 per
1419 1451 1510 1475 con-

203 1509 370 1544 sequens
404 1496 608 1532 conclusio
641 1509 746 1533 vera.

261 1556 563 1590 CoRRoLAmUM
584 1561 754 1588 PRIMUM:
787 1555 903 1590 Nulla
927 1554 1156 1602 proposieio
1181 1555 1277 1591 falsa
1301 1568 1321 1591 a
1344 1555 1510 1591 veritate
1531 1569 1557 1594 A
1578 1568 1660 1594 mul]
1683 1573 1795 1595 cannot

204 1612 468 1659 exemplatum
513 1620 609 1647 tunc
653 1611 757 1647 enim
804 1624 885 1647 non
924 1622 1025 1648 esset
1066 1613 1177 1658 falsa,
1223 1615 1291 1649 sed
1330 1626 1422 1649 vera
1461 1614 1509 1649 ab
1537 1603 1789 1665 beoff-nacffiffeffio

147 1672 186 1704 25
205 1669 433 1705 huiusmodi
464 1669 649 1713 veritate3
684 1681 774 1705 cera
807 1669 912 1705 enirn
946 1683 1025 1705 non
1060 1671 1257 1706 formatur
1290 1671 1350 1706 vel
1382 1683 1511 1707 exem·
1561 1673 1766 1708 proposition.

203 1729 336 1775 piatur
369 1740 391 1763 a
423 1726 552 1775 sigillo
584 1740 665 1763 non
697 1726 899 1764 existente.

262 1787 492 1821 SECUNDUM
513 1790 824 1818 CORROLARIUM:
858 1785 898 1821 Si
931 1798 1069 1821 omnes
1094 1785 1393 1833 proposiciones
1417 1798 1511 1833 ypo-
1528 1799 1715 1834 Qualitaiive
1735 1800 1794 1827 and

204 1842 350 1878 thetice
383 1851 472 1878 sunt
506 1843 643 1890 quales
677 1851 713 1877 et
747 1852 894 1890 quante
919 1851 955 1878 et
977 1856 1080 1889 vere,
1115 1853 1209 1879 tunc
1234 1857 1253 1879 a
1278 1843 1510 1880 veritatibus
1561 1835 1767 1904 ffijgffiilfflffcvffl

205 1901 480 1947 exemplantur
519 1912 602 1936 esse
641 1900 777 1948 quales
817 1909 853 1936 et
892 1910 1059 1948 quante3
1099 1901 1129 1936 si
1163 1914 1255 1945 non,
1289 1910 1384 1937 tunc
1417 1914 1509 1945 non,
1558 1904 1769 1938 propositions

148 1963 189 1994 30
205 1971 302 2005 cum¹
329 1958 500 2006 qualitas
534 1967 570 1994 et
594 1958 795 2005 quantitas
819 1971 841 1993 a
867 1960 987 1994 modo
1011 1959 1257 2006 intelligendi
1283 1968 1510 2001 causantur,
1578 1940 1756 2000 mulsltmlssve

205 2015 347 2064 quibus
371 2025 531 2063 oportet
564 2017 880 2062 correspondere
914 2017 1056 2052 modus
1089 2017 1256 2052 essendi.
1290 2017 1400 2052 Alias
1434 2030 1511 2052 non
1546 2008 1792 2070 ⁶0¹}2⁰{{]2⁰m‘{i”g

205 2082 333 2109 essent
384 2074 464 2109 veri
514 2073 622 2109 modi
667 2073 911 2120 intelligendi
958 2086 1023 2109 eas
1069 2074 1123 2109 sic
1167 2086 1250 2110 esse
1296 2075 1431 2121 quales
1477 2083 1514 2109 ct

205 2140 387 2179 quantas.

265 2191 319 2224 De
342 2189 534 2236 qualitate
557 2197 666 2234 noto,
692 2189 797 2236 quod
821 2188 994 2236 qualitas
1023 2188 1315 2236 proposicionis
1345 2188 1515 2224 sumitur

149 2251 188 2282 35
205 2246 481 2293 principaliter
503 2259 524 2281 a
547 2246 676 2282 forma
700 2246 1012 2293 proposicionis:
1041 2248 1146 2282 unde
1171 2259 1259 2282 cum
1285 2246 1515 2294 proposicio

199 2313 262 2339 ,est
306 2316 366 2339 res
400 2303 631 2347 artificialis,
670 2312 841 2351 oportet,
883 2305 988 2351 quod
1030 2305 1171 2340 habeat
1204 2304 1369 2352 aliquid,
1409 2305 1514 2352 quod

207 2361 280 2397 erit
312 2370 354 2396 ut
375 2374 445 2409 per
469 2374 509 2397 se
531 2361 694 2408 propria
728 2361 867 2407 forma,
902 2370 938 2397 et
962 2361 1127 2409 aliquid,
1152 2374 1231 2409 quo
1256 2361 1342 2407 erit,
1376 2370 1419 2397 ut
1446 2374 1515 2409 per

207 2431 246 2455 se
279 2419 442 2466 propria
476 2419 663 2463 materia3
700 2419 798 2454 alias
831 2432 910 2454 non
944 2428 1044 2454 esset
1078 2432 1138 2455 res
1171 2418 1392 2455 artificialis
1425 2432 1515 2454 vera

206 2477 266 2512 vel
298 2477 486 2524 perfecta.
521 2476 560 2512 Si
585 2476 705 2523 igitur
734 2477 862 2512 forma
886 2477 974 2511 talis
997 2486 1177 2524 negatur,
1212 2476 1285 2512 erit
1317 2476 1514 2524 negativa,

148 2548 192 2578 40
208 2534 238 2569 si
271 2546 351 2569 non
383 2542 564 2581 negatur,
599 2533 672 2569 erit
705 2534 960 2570 affirmativa.

266 2594 381 2636 Noto,
417 2592 524 2639 quod
557 2591 781 2627 affirmacio
815 2600 851 2627 et
878 2591 1056 2638 negacio,
1090 2603 1166 2639 que
1189 2600 1279 2627 sunt
1303 2591 1515 2639 qualitates
1530 2608 1728 2634 Amin-marion
1746 2608 1805 2634 and

208 2649 513 2696 proposicionis,
548 2658 713 2696 possunt
747 2649 849 2684 sumi
883 2649 1107 2696 dupliciter.
1144 2651 1231 2685 Uno
1266 2650 1386 2685 modo
1410 2649 1515 2684 affiff-
1593 2642 1745 2677 negation.

277 2792 301 2820 3.
325 2793 419 2821 Codi:
448 2794 531 2821 moli.
