2056 3234
204 180 252 228 56

265 881 347 920 Such
368 890 405 908 an

213 916 341 955 opinion
364 915 464 943 would

249 951 370 978 iuxolm
390 958 427 977 an

225 985 456 1013 nnconditional

217 1021 349 1049 likeness
369 1019 404 1047 of
420 1020 457 1047 all

278 1055 399 1090 figures.

922 186 1144 218 ,IOHANNIS
1170 186 1339 217 WICLIF
1634 181 1722 210 CAP.
1742 182 1797 210 VI.

491 295 538 330 de
577 292 810 338 Quantitate
849 292 992 328 Anime
1033 291 1208 339 capitulo
1250 296 1307 338 7⁰,
1348 291 1415 327 ubi
1455 291 1599 327 diffinit
1639 292 1801 333 lineam,

490 350 758 399 superficiem,
805 358 999 398 punctum
1047 358 1084 385 et
1129 349 1320 397 angulum
1361 350 1483 385 modo
1529 362 1609 397 quo
1650 350 1803 386 mathc-

491 409 673 455 maticus,
713 417 751 445 et
784 407 992 455 distinguit
1029 407 1115 455 ipsa
1148 408 1197 443 ab
1231 406 1399 443 invicem
1434 415 1472 443 et
1504 419 1526 442 a
1559 407 1802 453 substancia,

492 479 643 514 ponens
695 478 800 514 sepe,
849 466 958 514 quod
1011 473 1183 513 punctus
1235 477 1316 501 non
1368 473 1425 500 est
1472 464 1683 511 sensibilis,
1737 467 1804 501 sed

491 524 751 572 intelligibilis
796 533 833 560 et
879 522 1115 560 condicione
1159 523 1360 571 perfectus
1408 534 1487 570 quo
1532 524 1582 558 ad
1629 523 1806 559 indivisi-

492 582 688 619 bilitatem
728 581 880 618 excedit
919 582 1079 626 lineam,
1120 580 1221 617 sicut
1255 589 1291 617 et
1325 579 1429 616 linea
1467 580 1734 628 superficiem,
1771 590 1807 617 ct

491 640 577 688 ipsa
629 652 788 688 corpus.
843 641 943 676 Cum
994 651 1087 686 ergo
1135 638 1316 686 precipui
1364 639 1547 674 doctores
1595 638 1722 675 sancti
1771 647 1808 675 ct

490 697 726 734 famosiores
762 697 944 734 moderni
977 705 1133 745 ponunt
1156 696 1420 745 quantitatem
1455 695 1614 732 differre
1645 709 1808 744 genera-

492 755 580 792 liter
624 769 646 792 a
690 755 918 792 substancia
964 764 1001 791 et
1046 754 1251 803 qualitate,
1297 753 1454 791 videtur
1499 754 1652 802 pocius,
1699 755 1807 802 quod

491 813 644 861 posicio
676 813 859 861 negativa
892 813 942 849 sit
976 812 1164 849 heretica.

548 873 645 908 Item
698 871 805 907 iuxta
858 871 976 907 istam
1029 870 1263 918 opinionem
1317 882 1396 906 non
1446 878 1547 906 esset
1595 869 1807 907 distinccio

490 929 679 977 specifica
711 929 931 977 figurarum
963 928 1250 976 corporalium,
1285 929 1392 976 quod
1416 927 1655 964 contradicit
1685 927 1808 976 scrip-

491 996 597 1032 ture3
633 996 669 1024 et
702 987 995 1035 consequencia
1024 986 1078 1022 sic
1108 988 1315 1034 probatur.
1351 987 1480 1022 Omne
1504 998 1662 1034 corpus,
1697 986 1807 1022 cuius

492 1045 664 1082 maxima
679 1045 902 1093 longitudo,
926 1044 1099 1081 maxima
1118 1044 1286 1080 latitudo
1304 1053 1340 1080 et
1362 1044 1534 1080 maxima
1556 1043 1807 1092 profunditas

491 1112 582 1139 sunt
634 1103 869 1151 simpliciter
921 1103 1095 1150 equales,
1156 1111 1212 1138 est
1260 1101 1518 1138 conformiter
1570 1102 1805 1149 figuratum,

491 1173 612 1197 omne
645 1174 789 1209 corpus
829 1169 886 1197 est
919 1160 1165 1206 huiusmodi,
1215 1172 1306 1207 ergo
1341 1168 1413 1196 etc.
1460 1159 1590 1196 Maior
1621 1168 1730 1207 patet
1764 1172 1807 1196 ex

493 1219 833 1267 descripcionibus
857 1219 1073 1266 figurarum
1099 1217 1383 1266 corporalium,
1409 1230 1507 1266 quas
1531 1219 1639 1264 dant,
1664 1217 1807 1266 quibus

493 1278 700 1326 hucusque
743 1290 823 1313 non
868 1276 1164 1324 dedignabatur
1202 1278 1308 1312 Deus
1347 1277 1559 1312 ostendere
1604 1276 1805 1322 meliores,

492 1343 535 1371 ut
568 1343 678 1382 patet
711 1336 758 1371 de
790 1347 906 1383 spera
939 1334 1046 1371 orbis
1079 1343 1116 1371 et
1149 1334 1289 1371 ceteris
1323 1333 1459 1381 figuris
1499 1333 1713 1382 corporeis.
1766 1334 1806 1370 Si

494 1392 599 1429 enim
623 1392 781 1441 capitur
804 1392 998 1429 diffinieio
1022 1404 1149 1440 spere,
1175 1405 1294 1441 quam
1320 1393 1387 1428 dat
1408 1391 1674 1438 Theodosius,
1699 1393 1806 1440 quod
1831 1419 1833 1421 .

494 1460 552 1487 est
585 1464 738 1497 „unum
772 1450 959 1496 solidum,
993 1463 1073 1486 una
1106 1450 1316 1499 superficie
1351 1458 1598 1496 contentum,
1639 1463 1661 1486 a
1695 1449 1806 1486 cuius

494 1508 627 1545 medio
667 1517 817 1557 puncto
855 1521 994 1545 omnes
1033 1508 1136 1544 linee
1176 1509 1294 1544 ducte
1339 1510 1388 1544 ad
1434 1507 1805 1544 circumferenciam

495 1576 585 1603 sunt
627 1568 831 1615 equales⁷',
871 1575 1012 1603 notum
1048 1575 1118 1612 est,
1152 1567 1261 1614 quod
1295 1567 1366 1602 hec
1400 1566 1624 1614 descripcio
1656 1567 1717 1602 vel
1750 1575 1807 1602 est

494 1624 755 1673 impossibilis
797 1625 858 1661 vel
896 1626 944 1661 de
983 1624 1165 1673 quolibet
1204 1636 1372 1672 corpore
1411 1623 1678 1671 verificabilis,
1712 1624 1807 1672 quia

494 1684 556 1728 da,
602 1684 709 1731 quod
753 1695 835 1719 non
874 1684 921 1719 de
965 1684 997 1718 A
1037 1683 1153 1729 cubo,
1193 1691 1331 1719 contra
1369 1682 1473 1719 infra
1503 1683 1537 1718 A
1570 1683 1716 1719 cubum
1751 1691 1809 1719 est
1848 1686 1861 1718 ἶ

495 1742 663 1777 eubulus
696 1740 924 1789 punctualis
948 1753 1047 1789 eque
1071 1740 1220 1777 distans
1244 1753 1265 1777 a
1288 1740 1493 1787 lateribus,
1525 1753 1618 1788 ymo
1642 1740 1808 1788 quilibet

494 1808 666 1847 punctus
709 1798 949 1835 intrinsecus
987 1799 1048 1835 vel
1086 1798 1327 1835 extrinsecus
1367 1798 1517 1835 distans
1555 1811 1577 1835 a
1616 1798 1808 1834 lateribus

496 1866 553 1894 est
587 1869 687 1906 eque
720 1856 872 1893 distans
906 1870 928 1893 a
960 1856 1165 1893 lateribus.

553 1917 602 1951 Et
647 1914 907 1952 conformiter
952 1914 1133 1962 arguitur
1186 1916 1234 1951 de
1279 1913 1554 1962 descripcione
1607 1913 1710 1960 cubi,
1771 1923 1808 1950 ct

495 1973 672 2022 perirent
693 1972 827 2009 ultimi
851 1973 1030 2021 quinque
1052 1972 1143 2009 libri
1161 1972 1337 2009 Euclidis
1360 1973 1408 2009 de
1432 1972 1567 2020 figuris
1590 1971 1835 2020 corporei57'.

564 2150 610 2170 20.
633 2141 729 2170 Cod.:
751 2141 856 2169 theone
878 2141 1011 2169 correxi.

497 2253 658 2289 vocatur,
684 2258 761 2280 cum
791 2248 944 2280 medium
973 2252 1068 2280 tenet
1088 2248 1252 2291 figurae;
1277 2248 1306 2279 si
1324 2252 1442 2280 autem
1457 2247 1676 2290 principium
1696 2249 1810 2281 lineae

497 2298 547 2327 est
574 2295 628 2326 vel
654 2294 766 2333 lineis,
792 2299 855 2326 aut
892 2295 997 2326 etiam
1025 2295 1126 2336 finis,
1160 2295 1213 2326 vel
1243 2304 1320 2326 cum
1353 2294 1499 2326 omnino
1532 2294 1667 2335 aliquid
1699 2299 1810 2333 notat,

498 2340 592 2383 quod
617 2340 690 2373 sine
710 2341 878 2382 partibus
904 2340 1173 2382 intelligendum
1193 2341 1248 2380 sit,
1275 2351 1337 2372 nec
1355 2345 1475 2372 tamen
1494 2340 1650 2372 obtineat
1662 2341 1812 2384 figurae

500 2386 667 2427 medium,
708 2387 847 2429 signum
888 2387 1031 2419 dicitur.
1175 2397 1228 2418 20.
1267 2387 1331 2418 Est
1369 2386 1591 2417 Theodosius
1623 2387 1811 2428 'l'ripolites

500 2433 771 2465 mathematicus
805 2434 953 2465 alterius
978 2443 1035 2465 seu
1063 2433 1161 2465 tertii
1179 2438 1264 2475 post
1293 2433 1374 2465 Chr.
1403 2443 1434 2464 n.
1460 2434 1604 2472 saeculi,
1636 2434 1735 2465 cuins
1763 2434 1812 2465 De

499 2478 695 2520 Sphaericis
720 2479 796 2510 libri
822 2486 902 2519 tres,
928 2479 1065 2521 pluries
1098 2479 1194 2517 editi
1223 2479 1441 2521 prodierunt
1471 2488 1602 2520 graece
1635 2484 1668 2511 et
1700 2480 1812 2511 latine

499 2527 594 2557 1707
623 2525 790 2557 Oxoniae
816 2527 872 2565 („e
900 2526 1039 2557 theatro
1066 2525 1318 2558 Sheldorziano'
1327 2526 1349 2566 ’)
1376 2535 1523 2566 quorum
1546 2525 1660 2567 primi
1686 2527 1812 2578 defini—

500 2572 628 2604 tionem
652 2572 813 2614 primam
843 2572 885 2603 de
910 2573 1080 2614 sphaera:
1113 2571 1267 2614 Σφαῖρα
1299 2567 1374 2602 ἐστὶ
1405 2574 1521 2625 σχῆμα
1553 2569 1708 2614 στερεὸν,
1740 2583 1812 2603 vno

499 2619 583 2659 μιᾶς
616 2613 831 2659 ἐπιφανείας
864 2615 1129 2661 περιεχόμενον,
1159 2615 1251 2660 πρὸς
1280 2614 1326 2659 ἣν
1357 2616 1421 2659 ἀφ
1447 2613 1527 2654 ἑνὸς
1558 2616 1707 2659 σημείου
1740 2620 1814 2649 τῶν

500 2660 603 2701 ἐντὸς
633 2667 697 2695 τοῦ
724 2674 903 2706 σχηματος
928 2663 1103 2706 κειμένων
1135 2665 1249 2696 πᾶσαι
1281 2662 1319 2695 αἱ
1349 2662 1639 2706 προςπίπτουσαι
1672 2662 1814 2696 εὐθεῖαι

501 2708 576 2741 ἴσαι
601 2708 766 2752 ἀλλήλαις
791 2707 881 2742 εἰσίν
904 2712 1017 2753 plane
1049 2711 1098 2743 ad
1124 2711 1264 2744 verbum
1293 2721 1313 2742 a
1341 2711 1505 2753 Wyclifio
1533 2710 1713 2743 redditam
1741 2721 1813 2743 esse

502 2760 664 2797 apparet.
778 2767 830 2800 29.
859 2758 912 2800 Cf.
941 2757 1075 2788 Euclid.
1102 2758 1261 2788 Element
1288 2757 1361 2788 XIII
1394 2756 1431 2788 18
1459 2756 1542 2798 (non
1569 2758 1627 2797 17)
1644 2758 1698 2799 fin
1728 2757 1811 2793 (Ed.

502 2803 595 2844 lips.
615 2802 761 2834 IVS-'16
786 2803 891 2844 sqqff)
916 2801 1016 2844 ⁴453oe
1044 2801 1100 2845 δή,
1126 2799 1182 2835 ὅτι
1206 2801 1304 2845 παρὰ
1331 2801 1373 2834 τὰ
1400 2800 1570 2845 εἰρημένα
1596 2802 1701 2835 πέντε
1728 2813 1807 2846 σχη-

1823 528 1839 560 5

1828 827 1866 848 10

1828 1107 1863 1139 15
