2056 3234
150 830 187 851 10

149 1108 184 1139 15

145 1407 187 1427 20

205 189 292 217 CAP.
314 190 393 217 XIV·
530 193 588 224 DE
616 191 737 224 ENTE
766 192 1184 225 PREDICAMENTALI.

205 310 280 345 que
303 297 532 333 immediate
556 306 612 333 est
635 298 796 343 animal,
830 298 885 334 sic
909 299 1138 345 ysocheolos
1173 299 1290 334 habet
1316 297 1505 345 triplices,

206 355 404 391 mediante
449 355 660 403 triangulo,
701 355 767 403 qui
807 356 1037 392 immediate
1076 356 1270 392 subicitur
1310 355 1505 403 passioni,

204 412 304 448 sicut
337 412 440 448 enim
475 413 611 449 onmia
644 413 897 461 impermixta
931 426 972 449 ex
1012 426 1114 461 equo
1148 413 1402 450 continentur
1434 414 1505 448 sub

203 483 358 517 genere.
404 473 504 506 Nam
538 470 568 506 si
603 472 741 507 Petrus
785 471 833 506 sit
878 471 1113 507 naturaliter
1157 471 1266 519 prius
1300 471 1436 516 Paulo,
1471 478 1507 505 et

202 528 404 564 risibilitas
448 527 657 575 singularis
710 528 814 564 Petri
870 538 926 564 est
981 529 1214 565 immediata
1258 527 1506 574 naturaliter,

202 585 332 621 subito
376 585 567 633 sequitur,
613 587 720 633 quod
765 587 909 622 Paulus
953 586 1001 622 sit
1045 587 1085 622 in
1118 588 1257 623 eodem
1291 587 1415 634 gradu
1448 586 1508 621 vel

202 642 413 690 posteriori
446 643 598 679 ordinis
631 643 825 679 naturalis
859 657 947 679 cum
989 644 1213 680 risibilitate
1247 643 1364 689 Petri,
1399 644 1506 691 quod

203 709 258 736 est
291 700 548 748 impossibile.
583 703 630 736 Et
653 702 826 737 secunda
848 714 939 749 pars
974 703 1020 738 de
1043 714 1082 738 se
1114 710 1223 750 patet
1256 701 1504 749 generaliter,

203 771 292 794 cum
326 758 561 806 specierum,
607 759 773 805 generis,
820 768 856 795 et
895 759 949 795 sic
982 768 1039 795 est
1072 761 1118 795 de
1151 758 1379 804 individuis,
1414 758 1507 806 quia

203 816 316 852 aliter
349 815 496 863 periret
529 817 640 852 ordo.

260 873 451 921 Negativa
484 882 616 910 autern
650 883 707 910 est
739 874 985 920 immediata,
1032 876 1193 922 quando
1226 887 1349 910 unum
1384 886 1506 922 genus

202 941 426 967 removetur
458 933 506 967 ab
540 932 681 977 altero,
727 941 769 967 ut
802 933 922 968 homo
954 945 1034 969 non
1067 941 1123 968 est
1155 932 1272 978 linea,
1307 931 1506 967 mediante

201 988 275 1025 ista
312 989 490 1033 veritate,
531 1001 606 1037 que
641 998 697 1025 est
736 990 888 1026 nullam
928 990 1199 1027 substanciam
1234 1002 1317 1026 esse
1350 989 1506 1037 quanti—

201 1055 338 1092 tatem,
373 1055 409 1083 et
448 1047 514 1083 illa
546 1047 690 1083 veritas
734 1060 813 1083 non
847 1048 965 1084 habet
997 1047 1037 1084 in
1070 1048 1137 1084 illo
1172 1047 1312 1084 ordine
1345 1059 1506 1083 causam

202 1104 463 1152 superiorem,
509 1118 598 1140 curn
653 1118 732 1141 non
782 1104 833 1141 sit
882 1118 1004 1153 genus
1049 1105 1243 1154 superius,
1288 1105 1363 1140 nisi
1407 1105 1506 1140 forte

201 1163 380 1199 vocando
426 1175 493 1198 ens
538 1175 673 1210 genus,
719 1164 826 1210 quod
870 1176 949 1199 non
994 1163 1133 1211 recipit
1165 1163 1424 1211 negacionem
1459 1163 1506 1197 de

202 1220 350 1267 aliquo.
384 1220 471 1256 Istis
506 1229 639 1256 autem
670 1220 1045 1257 immediacionibus
1067 1234 1148 1257 non
1181 1229 1377 1269 repugnat
1410 1219 1506 1256 reci-

202 1290 294 1325 pere
327 1278 605 1314 causacionem
640 1291 661 1314 a
695 1281 777 1314 Deo
802 1278 1035 1325 extrinseco,
1070 1278 1137 1327 qui
1170 1291 1251 1315 non
1284 1277 1433 1314 mediat
1465 1277 1505 1312 in

203 1337 295 1371 dato
340 1335 492 1380 ordine,
537 1335 627 1371 licet
672 1335 901 1372 immediate
946 1345 1080 1372 causet
1125 1336 1336 1384 dupliciter
1379 1344 1503 1371 totam

203 1393 455 1429 latitudinem
490 1393 694 1438 causandi,
740 1393 889 1429 scilicet
933 1393 1242 1430 immediacione
1274 1392 1505 1430 situacionis

203 1460 239 1487 et
283 1450 589 1487 immediacione
633 1451 914 1498 perfeccioni53
959 1452 1171 1488 causancia
1215 1463 1389 1500 namque
1433 1449 1505 1486 Dei

202 1517 309 1544 tenet
341 1508 555 1556 utrobique
587 1509 852 1556 predicatum.

260 1569 313 1602 Ex
346 1566 429 1602 istis
463 1575 583 1614 patet,
618 1567 725 1614 quod
748 1566 951 1603 sentencia
974 1567 1322 1614 philosophorum,
1355 1578 1505 1614 ponen—

203 1624 306 1660 ciun]
341 1626 468 1660 Deum
493 1623 674 1660 ordinate
705 1637 867 1660 causare
891 1624 1053 1661 effectus
1078 1624 1345 1661 mediantibus
1378 1623 1506 1660 causis

170 1682 397 1727 Isecundis,
433 1691 488 1717 est
510 1694 615 1727 vera,
649 1682 680 1717 si
713 1695 807 1718 sane
840 1682 1077 1730 concipitur.
1111 1685 1211 1718 Nam
1237 1685 1342 1718 Deus
1377 1690 1507 1718 movet

203 1749 423 1776 creaturam
460 1752 694 1787 corpoream
740 1740 974 1776 naturaliter
1017 1749 1168 1776 motam
1203 1739 1403 1776 mediante
1436 1752 1506 1775 suo

205 1806 386 1833 movente
410 1807 555 1843 creatO,
581 1806 618 1833 et
650 1797 704 1833 ita
727 1799 774 1833 de
798 1798 885 1834 aliis
909 1798 1152 1843 causanciis,
1186 1811 1265 1834 non
1298 1798 1366 1844 sic,
1401 1798 1508 1845 quod

204 1855 417 1891 causancia
462 1864 640 1891 creature
684 1855 732 1891 sit
777 1855 1124 1904 principalissima,
1158 1856 1217 1891 vel
1261 1864 1393 1903 posset
1427 1867 1508 1890 esse

203 1913 286 1949 sine
320 1913 531 1949 causancia
565 1913 709 1958 divina,
759 1915 825 1949 sed
859 1915 967 1961 quod
1000 1913 1049 1949 sit
1083 1913 1215 1949 media
1247 1913 1349 1949 inter
1382 1914 1508 1948 Deum

204 1980 241 2006 et
274 1971 457 2007 effectum
491 1972 747 2018 productum,
783 1980 892 2007 mota
925 1985 946 2007 a
980 1974 1063 2007 Deo
1097 1972 1145 2007 ad
1179 1971 1311 2006 taliter
1344 1983 1509 2006 causan—

204 2022 311 2064 dum.
346 2031 446 2065 Nam
481 2038 577 2077 quot
610 2038 701 2064 sunt
746 2038 924 2065 creature
959 2038 1174 2074 moventes,
1209 2037 1267 2064 tot
1300 2037 1390 2064 sunt
1425 2040 1508 2063 mo-

203 2086 339 2123 vencie
372 2087 443 2122 Dei
477 2100 567 2122 cum
600 2086 696 2131 illis3
731 2086 770 2121 in
795 2086 972 2134 qualibet
1004 2095 1139 2123 tamen
1174 2095 1357 2122 creatura
1391 2086 1508 2121 habet

204 2147 307 2180 Deus
351 2157 472 2180 unam
518 2144 818 2192 appropriatam
865 2144 1127 2190 movenciam,
1160 2140 1164 2196 Ι
1194 2157 1283 2180 cum
1317 2156 1396 2191 qua
1429 2156 1508 2179 non

204 2202 404 2238 concurrit
428 2211 629 2247 creatura,
660 2202 761 2237 sicut
791 2201 929 2238 artifex
960 2215 1079 2250 agens
1102 2214 1172 2250 per
1195 2201 1365 2237 securim
1391 2201 1509 2237 habet

148 2265 180 2296 7,
204 2259 409 2307 agenciam
434 2260 690 2295 terminatam
715 2261 764 2295 ad
789 2269 941 2295 motum
966 2259 1132 2305 securis;
1157 2268 1193 2295 et
1220 2259 1325 2294 illius
1346 2258 1509 2306 agencia

194 2317 440 2357 ,terminatur
463 2319 512 2353 ad
535 2317 701 2365 lignum,
735 2326 771 2352 et
795 2317 834 2353 in
857 2317 1004 2353 securis
1035 2317 1197 2365 agencia
1220 2317 1410 2352 fundatur
1433 2316 1509 2352 alia

204 2375 367 2422 agencia
401 2375 577 2420 artificis,
612 2388 779 2422 quarum
814 2375 943 2422 prima
988 2384 1044 2411 est
1083 2374 1316 2411 immediata
1348 2387 1427 2422 quo
1460 2375 1509 2409 ad

204 2432 338 2478 situm,
363 2441 399 2468 et
415 2434 589 2468 secunda
614 2432 800 2468 mediata.
826 2435 872 2468 Et
891 2433 989 2468 tales
1013 2432 1342 2481 equivocaciones
1359 2431 1509 2468 faciunt

207 2491 351 2525 multas
384 2490 649 2526 dissensiones
690 2499 725 2526 et
770 2490 1055 2537 replicaciones
1094 2490 1274 2536 inutiles,
1308 2498 1351 2525 ut
1390 2501 1508 2524 nemo

146 2562 191 2592 40
205 2548 280 2583 nisi
314 2561 449 2584 errans
484 2548 651 2593 dubitat,
676 2547 772 2595 quin
797 2550 901 2583 Deus
924 2548 1017 2584 facit
1050 2547 1326 2595 principaliter
1348 2559 1506 2583 omnem

206 2614 339 2641 actum
365 2614 556 2651 creature,
587 2605 766 2654 quamvis
800 2619 880 2641 non
903 2605 1068 2641 univoce
1092 2615 1182 2653 agat
1214 2618 1302 2641 cum
1327 2604 1508 2649 homine3

207 2672 242 2698 et
288 2664 342 2699 sic
388 2663 615 2700 beatificare
661 2672 716 2699 est
761 2663 997 2711 equivocum
1032 2665 1081 2699 ad
1115 2662 1330 2699 subiective
1364 2670 1400 2698 et
1433 2662 1509 2697 for-

274 2817 302 2841 4.
326 2808 426 2840 Paulo]
448 2808 534 2834 cod.:
556 2816 623 2842 pau.

1351 2866 1371 2893 Q

1718 194 1791 230 ¹29

1614 1571 1699 1599 Final

1562 1608 1757 1634 conclusion:

1572 1641 1653 1668 Tliat
1674 1642 1742 1669 God

1579 1677 1682 1703 works
1704 1678 1742 1713 by

1540 1711 1651 1738 second
1673 1719 1779 1738 causes

1580 1745 1605 1772 is
1625 1751 1701 1780 true,
1723 1747 1748 1773 if

1605 1781 1717 1817 rightly

1558 1815 1759 1843 understood.
