2056 3234
214 223 301 250 CAP-
323 223 358 250 H·
531 227 590 258 DE
618 227 738 258 ENTE
768 225 1186 259 PREDICAMENTALI.

213 331 302 367 talis
342 332 525 379 analogia
564 334 783 368 secundum
824 333 1105 381 operacionem
1147 333 1518 380 proporclonalem:

215 389 361 425 dicitur
394 388 502 425 canis
536 389 725 438 equivoce
749 391 796 426 de
819 391 933 426 stella
968 391 1177 426 mordente
1210 390 1250 426 in
1282 390 1438 436 effectu,
1473 391 1521 426 de

214 446 378 482 animali
410 447 544 483 latrali
576 447 765 493 morsivo,
805 456 842 483 et
875 447 983 495 pisce
1016 447 1172 484 marino
1207 448 1394 484 morsivo.
1441 450 1522 483 Nec

215 503 391 551 quelibet
434 505 663 541 substancia
708 504 840 541 taliter
888 504 1062 541 morsiva
1095 504 1241 541 dicitur
1281 505 1404 550 canis,
1450 517 1523 541 nec

182 564 305 597 §sunt
338 561 391 597 ibi
425 574 582 598 morsus
616 562 778 610 proprie
811 562 983 598 univoci.
1018 564 1065 598 Et
1089 562 1352 599 conformiter
1377 561 1523 598 dicitur

217 619 398 655 cultellus
437 628 590 665 acutus,
637 619 731 668 quia
772 621 870 656 bene
909 619 1104 656 scissurus
1144 633 1223 668 quo
1258 622 1308 656 ad
1348 628 1521 665 tactum3

214 689 346 724 sapor,
387 678 500 722 odor,
540 689 672 722 sonus,
713 689 850 713 sensus
884 686 920 713 et
954 689 1092 713 eorum
1126 677 1303 714 subiecta
1337 677 1525 713 dicuntur

214 742 343 779 acuta,
371 733 463 782 quia
486 743 578 770 sunt
602 734 968 782 proporcionaliter
991 734 1138 781 activa;
1163 743 1206 771 ut
1229 736 1352 771 homo
1377 734 1524 771 dicitur

215 800 354 827 acutus
399 791 677 839 corporaliter,
712 792 743 829 si
779 801 835 828 est
872 792 1142 840 penetrativus
1179 792 1294 829 cunei
1330 794 1522 837 cedendo,

161 863 199 884 10
215 858 252 885 et
286 849 609 886 intellectualiter
642 859 796 896 acutus,
836 849 867 885 si
906 859 964 886 est
1003 850 1275 898 penetrativus
1307 850 1522 886 veritatum

214 907 479 952 occultarum,
513 907 694 944 raciones
729 920 865 944 earum
899 904 1098 944 subtiliter
1131 907 1366 953 decidendo,
1401 917 1438 944 et
1467 907 1523 944 sic

81 969 118 1001 F.
138 978 201 1011 194
216 973 272 1000 est
305 964 345 1000 in
377 964 574 1012 quotlibet
606 965 693 1002 aliis
727 965 930 1013 exemplis,
966 964 970 1015 Ι
1005 965 1073 1001 ubi
1106 978 1188 1001 non
1227 965 1393 1001 dubium
1428 977 1523 1001 con-

214 1021 329 1069 tingit
373 1022 594 1070 intelligere
627 1025 699 1059 sub
739 1035 819 1059 uno
865 1031 1063 1071 conceptu
1108 1023 1237 1070 prime
1282 1022 1523 1059 intencionis

215 1079 351 1115 omnia
373 1079 469 1116 talia
493 1079 624 1126 simul,
650 1090 686 1116 et
710 1080 905 1128 contingit
929 1080 1104 1117 limitare
1128 1089 1369 1128 conceptum
1394 1080 1523 1128 prime

162 1136 454 1173 15intencionis
487 1139 537 1173 ad
576 1149 699 1174 unum
739 1138 989 1186 signatorum
1029 1146 1163 1186 preter
1201 1138 1521 1174 intelleccionem

214 1194 379 1243 reliqui3
414 1204 450 1231 et
482 1204 576 1232 tunc
609 1209 691 1232 non
724 1205 781 1232 est
813 1195 1100 1241 contradiccio,
1136 1195 1207 1232 etsi
1239 1208 1356 1232 voces
1387 1195 1522 1232 viden-

214 1261 278 1288 tur
322 1254 559 1300 pretendere
609 1253 939 1302 repugnanciam,
990 1263 1033 1289 ut
1078 1253 1274 1301 contingit
1318 1262 1523 1290 contracte

214 1309 435 1358 intelligere
475 1323 555 1356 ens,
599 1320 641 1346 ut
681 1311 778 1347 dicit
822 1311 1021 1348 actualem
1066 1311 1339 1357 existenciam,
1386 1320 1423 1347 et
1466 1311 1523 1347 sic

215 1369 436 1404 concedere
459 1381 578 1405 omne
602 1381 669 1405 ens
695 1369 883 1414 existere3
918 1377 956 1405 et
990 1368 1185 1416 contingit
1218 1368 1316 1405 alias
1350 1368 1523 1417 amplius

158 1440 199 1461 20
214 1425 436 1473 intelligere
468 1438 548 1472 en-s,
583 1435 624 1462 ut
646 1439 719 1463 nec
753 1427 1004 1463 contrahitur
1028 1428 1077 1462 ad
1101 1426 1211 1474 prius
1244 1435 1427 1474 tempore
1450 1439 1523 1462 nec

215 1484 266 1519 ad
305 1495 389 1519 esse
434 1483 612 1530 existere,
659 1493 695 1520 et
727 1484 783 1520 sic
822 1485 1053 1529 concedere,
1100 1485 1209 1532 quod
1252 1483 1418 1533 aliquod
1456 1496 1523 1520 ens

215 1553 297 1577 non
329 1540 477 1587 existit;
512 1550 548 1577 et
571 1541 611 1577 in
642 1541 789 1578 talibus
823 1541 1202 1590 equivocacionibus
1234 1542 1418 1578 laborant
1441 1550 1522 1578 tam

216 1598 384 1646 antiqui,
419 1611 539 1647 quam
575 1599 771 1645 moderni,
813 1608 856 1635 ut
889 1599 1045 1647 antiqui
1079 1608 1363 1636 concesserunt
1396 1599 1524 1635 homi-

214 1668 305 1692 nem
340 1668 422 1692 esse
456 1665 636 1692 eternum
670 1656 709 1692 in
741 1670 812 1693 sua
844 1658 957 1704 ydea,
992 1657 1032 1693 in
1064 1656 1268 1694 intellectu
1301 1657 1448 1703 divino,
1483 1657 1524 1693 in

159 1719 197 1751 25
215 1726 285 1750 sua
324 1726 444 1750 causa
481 1715 542 1750 vel
580 1714 620 1750 in
660 1714 859 1762 potencia,
906 1714 1008 1751 sicut
1053 1715 1282 1751 eternaliter
1321 1717 1425 1751 Deus
1465 1714 1523 1751 in-

214 1771 368 1818 telligit,
401 1771 467 1808 wlt
500 1781 537 1808 et
569 1772 730 1809 ordinat
763 1771 982 1809 hominem.
1016 1773 1116 1808 Illud
1139 1781 1248 1820 patet
1271 1774 1318 1809 de
1343 1773 1521 1818 Platone,

216 1831 262 1865 de
296 1831 413 1866 beato
444 1831 639 1877 Johanne,
686 1832 733 1866 de
772 1831 973 1878 apostolo,
1020 1832 1066 1866 de
1099 1830 1324 1878 Augustino
1359 1839 1396 1867 et
1434 1829 1522 1866 aliis

215 1886 363 1923 sanctis
398 1887 532 1924 multis
565 1887 673 1935 ipsos
706 1887 976 1936 sequentibus.
1008 1888 1245 1924 Aristoteles
1274 1897 1410 1925 tamen
1440 1901 1522 1924 non

214 1944 362 1981 diceret
394 1946 472 1981 tale
505 1947 724 1981 secundum
766 1958 848 1982 esse
888 1945 1138 1993 intelligibile
1178 1958 1261 1982 esse
1302 1946 1522 1991 hominem,

157 2009 198 2041 30
212 2004 280 2038 sed
324 2002 645 2039 intelleccionem
680 2003 753 2040 Dei
786 2013 823 2040 et
854 2003 976 2040 vitam
1017 2003 1204 2051 primam,
1250 2012 1293 2040 ut
1331 2012 1441 2052 patet
1476 2007 1521 2051 70

211 2060 486 2108 Metaphisice,
513 2070 650 2097 contra
675 2062 794 2108 ydeas
814 2061 990 2097 Platonis
1014 2063 1232 2109 arguendo.
1267 2064 1348 2098 Nec
1372 2061 1522 2098 diceret

212 2130 373 2154 omnem
419 2127 645 2155 creaturam
690 2131 773 2155 esse
805 2119 927 2155 vitam
972 2119 1146 2167 primam
1181 2131 1240 2165 eo,
1287 2121 1395 2168 quod
1437 2132 1521 2156 esse

211 2170 459 2224 intelligibile
483 2176 693 2213 cuiuslibet
717 2185 899 2213 creature
923 2185 979 2213 est
1002 2176 1082 2213 vita
1106 2176 1249 2225 prima,
1273 2190 1346 2213 nec
1370 2176 1529 2213 diceret*

211 2242 339 2270 totam
384 2233 550 2282 stirpem
590 2247 673 2271 esse
711 2234 752 2270 in
793 2234 983 2270 membris
1023 2234 1082 2270 sui
1122 2234 1310 2282 principii
1355 2244 1521 2283 propter

156 2295 194 2329 35
213 2291 564 2339 equivocacionem
589 2292 855 2340 intelligendi3
891 2301 927 2328 et
952 2301 1105 2328 certum
1129 2301 1198 2338 est,
1230 2294 1337 2341 quod
1360 2292 1520 2341 proficit

212 2361 452 2397 cognoscere
493 2350 590 2386 tales
624 2349 955 2398 equivocaciones
988 2363 1060 2398 pro
1094 2350 1299 2386 intellectu
1332 2359 1518 2387 autorum

212 2399 410 2454 habendo,
447 2415 484 2444 et
516 2407 647 2443 inutili
681 2407 960 2444 decertacione
993 2407 1168 2451 vitanda.

279 2529 307 2557 (5.
332 2528 426 2557 Cod.:
449 2536 482 2565 q⁰
500 2534 529 2558 ta
543 2530 580 2558 ad
597 2522 690 2558 mets?

281 2599 333 2632 28.
364 2601 415 2644 Cf.
441 2603 543 2634 Arist.
570 2604 649 2636 Met.
668 2603 712 2634 VI
745 2603 794 2639 (in
822 2603 978 2645 antiquis
1004 2603 1083 2636 edd.
1107 2603 1189 2644 VII)
1218 2613 1246 2643 2,
1275 2604 1291 2637 3
1320 2603 1404 2641 (Ed.
1434 2605 1515 2637 Par.

210 2646 249 2677 II
271 2648 371 2687 539).
394 2646 478 2679 ’Έτι
501 2646 600 2691 παρὰ
626 2646 670 2680 τὰ
695 2646 854 2691 αἰσθητὰ
880 2646 914 2681 οἱ
940 2646 1004 2690 μὲν
1030 2647 1095 2681 οὐκ
1120 2647 1260 2681 οἴονται
1286 2643 1378 2681 εἶναι
1403 2647 1518 2681 οὐθὲν

209 2695 384 2733 τοιοῦτον,
412 2691 446 2725 οἱ
471 2692 510 2725 δὲ
535 2693 643 2726 πλείω
670 2693 729 2726 καὶ
754 2695 886 2736 μᾶλλον
910 2693 998 2726 ὄντα
1022 2693 1134 2736 ἀΐδιοι,
1162 2694 1281 2737 ὥσπερ
1299 2694 1455 2727 Πλάτων
1471 2694 1516 2726 τά

209 2748 246 2769 τε
260 2736 319 2770 ειδ
316 2749 337 2780 η
353 2737 411 2770 καὶ
424 2737 468 2770 τὰ
485 2739 721 2782 μαθηματικὰ
739 2739 804 2772 δύο
822 2739 959 2783 οὐσίας,
973 2739 1096 2784 τρίτην
1108 2739 1148 2772 δὲ
1162 2739 1227 2783 τὴν
1240 2744 1315 2773 τῶν
1328 2739 1517 2796 αἰσθητῶν

210 2783 389 2826 σωμάτων
413 2784 541 2817 οὐσίαν
566 2787 730 2828 ...(6)
756 2784 847 2830 Περὶ
872 2784 917 2828 δὴ
943 2788 1083 2819 τούτων
1114 2786 1150 2819 τί
1178 2787 1315 2829 λέγεται
1344 2788 1462 2825 καλῶς
1492 2784 1514 2829 ἢ

209 2827 257 2872 μὴ
282 2832 478 2869 καλῶς..
499 2857 505 2864 .
533 2831 713 2865 σκεπτέον.

1313 2897 1360 2917 ¹7ss

1314 2916 1329 2923 ..ι

1770 234 1815 269 19
