<?xml version="1.0" encoding="UTF-8"?>
<!DOCTYPE html PUBLIC "-//W3C//DTD XHTML 1.0 Transitional//EN"
    "http://www.w3.org/TR/xhtml1/DTD/xhtml1-transitional.dtd">
<html xmlns="http://www.w3.org/1999/xhtml" xml:lang="en" lang="en">
 <head>
  <title>
</title>
<meta http-equiv="Content-Type" content="text/html;charset=utf-8" />
  <meta name='ocr-system' content='tesseract 3.04.00' />
  <meta name='ocr-capabilities' content='ocr_page ocr_carea ocr_par ocr_line ocrx_word'/>
</head>
<body>
  <div class='ocr_page' id='page_1' title='image "./deentepraedicame00wycl_0065.png"; bbox 0 0 2056 3234; ppageno 0'>
   <div class='ocr_carea' id='block_1_1' title="bbox 122 824 160 844">
    <p class='ocr_par' dir='ltr' id='par_1_1' title="bbox 122 824 160 844">
     <span class='ocr_line' id='line_1_1' title="bbox 122 824 160 844; baseline -0.026 0"><span class='ocrx_word' id='word_1_1' title='bbox 122 824 160 844; x_wconf 87' lang='lat'>10</span> 
     </span>
    </p>
   </div>
   <div class='ocr_carea' id='block_1_2' title="bbox 123 1101 159 1132">
    <p class='ocr_par' dir='ltr' id='par_1_2' title="bbox 123 1101 159 1132">
     <span class='ocr_line' id='line_1_2' title="bbox 123 1101 159 1132; baseline 0 0"><span class='ocrx_word' id='word_1_2' title='bbox 123 1101 159 1132; x_wconf 78' lang='lat'>15</span> 
     </span>
    </p>
   </div>
   <div class='ocr_carea' id='block_1_3' title="bbox 119 1399 160 1420">
    <p class='ocr_par' dir='ltr' id='par_1_3' title="bbox 119 1399 160 1420">
     <span class='ocr_line' id='line_1_3' title="bbox 119 1399 160 1420; baseline 0 0"><span class='ocrx_word' id='word_1_3' title='bbox 119 1399 160 1420; x_wconf 90' lang='lat'>20</span> 
     </span>
    </p>
   </div>
   <div class='ocr_carea' id='block_1_4' title="bbox 175 181 1768 226">
    <p class='ocr_par' dir='ltr' id='par_1_4' title="bbox 175 181 1768 226">
     <span class='ocr_line' id='line_1_4' title="bbox 175 181 1768 226; baseline 0.008 -13"><span class='ocrx_word' id='word_1_4' title='bbox 175 185 265 213; x_wconf 66' lang='lat' dir='ltr'>cAn</span> <span class='ocrx_word' id='word_1_5' title='bbox 286 185 324 212; x_wconf 81' lang='lat' dir='ltr'>v.</span> <span class='ocrx_word' id='word_1_6' title='bbox 495 188 554 219; x_wconf 84' lang='lat' dir='ltr'>DE</span> <span class='ocrx_word' id='word_1_7' title='bbox 581 187 704 219; x_wconf 84' lang='lat' dir='ltr'>ENTE</span> <span class='ocrx_word' id='word_1_8' title='bbox 733 189 1156 220; x_wconf 73' lang='lat' dir='ltr'>PREDICAMENTALI.</span> <span class='ocrx_word' id='word_1_9' title='bbox 1721 181 1768 226; x_wconf 80' lang='lat'>37</span> 
     </span>
    </p>
   </div>
   <div class='ocr_carea' id='block_1_5' title="bbox 174 293 1747 1207">
    <p class='ocr_par' dir='ltr' id='par_1_5' title="bbox 174 293 1745 751">
     <span class='ocr_line' id='line_1_5' title="bbox 176 293 1482 344; baseline 0.001 -13"><span class='ocrx_word' id='word_1_10' title='bbox 176 294 342 331; x_wconf 89' lang='lat' dir='ltr'>materia</span> <span class='ocrx_word' id='word_1_11' title='bbox 387 293 620 341; x_wconf 85' lang='lat' dir='ltr'>spiritualis,</span> <span class='ocrx_word' id='word_1_12' title='bbox 671 303 713 330; x_wconf 90' lang='lat' dir='ltr'>ut</span> <span class='ocrx_word' id='word_1_13' title='bbox 756 295 981 330; x_wconf 88' lang='lat' dir='ltr'>Avicebron</span> <span class='ocrx_word' id='word_1_14' title='bbox 1029 295 1138 340; x_wconf 79' lang='lat' dir='ltr'>dixit,</span> <span class='ocrx_word' id='word_1_15' title='bbox 1192 298 1299 344; x_wconf 88' lang='lat' dir='ltr'>quod</span> <span class='ocrx_word' id='word_1_16' title='bbox 1352 297 1482 332; x_wconf 88' lang='lat' dir='ltr'>omnis</span> 
     </span>
     <span class='ocr_line' id='line_1_6' title="bbox 174 351 1480 400; baseline 0.001 -12"><span class='ocrx_word' id='word_1_17' title='bbox 174 351 443 399; x_wconf 89' lang='lat' dir='ltr'>intelligencia</span> <span class='ocrx_word' id='word_1_18' title='bbox 476 351 735 398; x_wconf 85' lang='lat' dir='ltr'>componitur</span> <span class='ocrx_word' id='word_1_19' title='bbox 768 365 811 387; x_wconf 82' lang='lat' dir='ltr'>ex</span> <span class='ocrx_word' id='word_1_20' title='bbox 846 352 1014 388; x_wconf 89' lang='lat' dir='ltr'>materia</span> <span class='ocrx_word' id='word_1_21' title='bbox 1046 352 1244 400; x_wconf 83' lang='lat' dir='ltr'>spirituali</span> <span class='ocrx_word' id='word_1_22' title='bbox 1278 362 1314 389; x_wconf 90' lang='lat' dir='ltr'>et</span> <span class='ocrx_word' id='word_1_23' title='bbox 1337 353 1480 398; x_wconf 86' lang='lat' dir='ltr'>forma,</span> 
     </span>
     <span class='ocr_line' id='line_1_7' title="bbox 176 409 1481 456; baseline 0 -10"><span class='ocrx_word' id='word_1_24' title='bbox 176 410 214 446; x_wconf 89' lang='lat' dir='ltr'>id</span> <span class='ocrx_word' id='word_1_25' title='bbox 254 418 311 445; x_wconf 88' lang='lat' dir='ltr'>est</span> <span class='ocrx_word' id='word_1_26' title='bbox 351 421 394 444; x_wconf 88' lang='lat' dir='ltr'>ex</span> <span class='ocrx_word' id='word_1_27' title='bbox 433 417 525 444; x_wconf 83' lang='lat' dir='ltr'>actu</span> <span class='ocrx_word' id='word_1_28' title='bbox 563 417 600 444; x_wconf 91' lang='lat' dir='ltr'>et</span> <span class='ocrx_word' id='word_1_29' title='bbox 641 409 838 456; x_wconf 80' lang='lat' dir='ltr'>potencia,</span> <span class='ocrx_word' id='word_1_30' title='bbox 885 410 996 446; x_wconf 89' lang='lat' dir='ltr'>cuius</span> <span class='ocrx_word' id='word_1_31' title='bbox 1040 411 1241 447; x_wconf 77' lang='lat' dir='ltr'><strong>sentencia</strong></span> <span class='ocrx_word' id='word_1_32' title='bbox 1290 420 1347 446; x_wconf 88' lang='lat' dir='ltr'>est</span> <span class='ocrx_word' id='word_1_33' title='bbox 1386 411 1481 446; x_wconf 89' lang='lat' dir='ltr'>satis</span> 
     </span>
     <span class='ocr_line' id='line_1_8' title="bbox 176 465 1480 514; baseline 0.001 -11"><span class='ocrx_word' id='word_1_34' title='bbox 176 469 293 512; x_wconf 87' lang='lat' dir='ltr'>bona,</span> <span class='ocrx_word' id='word_1_35' title='bbox 340 479 430 502; x_wconf 89' lang='lat' dir='ltr'>cum</span> <span class='ocrx_word' id='word_1_36' title='bbox 475 465 626 502; x_wconf 84' lang='lat' dir='ltr'>claudit</span> <span class='ocrx_word' id='word_1_37' title='bbox 671 467 985 514; x_wconf 77' lang='lat' dir='ltr'>repugnancium</span> <span class='ocrx_word' id='word_1_38' title='bbox 1033 468 1303 504; x_wconf 79' lang='lat' dir='ltr'>substanciam</span> <span class='ocrx_word' id='word_1_39' title='bbox 1339 468 1480 512; x_wconf 80' lang='lat' dir='ltr'>creari,</span> 
     </span>
     <span class='ocr_line' id='line_1_9' title="bbox 176 523 1483 573; baseline 0 -12"><span class='ocrx_word' id='word_1_40' title='bbox 176 524 249 561; x_wconf 89' lang='lat' dir='ltr'>nisi</span> <span class='ocrx_word' id='word_1_41' title='bbox 281 524 375 560; x_wconf 89' lang='lat' dir='ltr'>insit</span> <span class='ocrx_word' id='word_1_42' title='bbox 408 523 481 560; x_wconf 88' lang='lat' dir='ltr'>sibi</span> <span class='ocrx_word' id='word_1_43' title='bbox 514 526 733 560; x_wconf 90' lang='lat' dir='ltr'>secundum</span> <span class='ocrx_word' id='word_1_44' title='bbox 779 537 862 560; x_wconf 91' lang='lat' dir='ltr'>esse</span> <span class='ocrx_word' id='word_1_45' title='bbox 907 525 1154 573; x_wconf 76' lang='lat' dir='ltr'>intelligibile</span> <span class='ocrx_word' id='word_1_46' title='bbox 1202 525 1389 573; x_wconf 78' lang='lat' dir='ltr'>potencia</span> <span class='ocrx_word' id='word_1_47' title='bbox 1433 527 1483 562; x_wconf 91' lang='lat' dir='ltr'>ad</span> 
     </span>
     <span class='ocr_line' id='line_1_10' title="bbox 176 581 1479 629; baseline 0.001 -11"><span class='ocrx_word' id='word_1_48' title='bbox 176 582 444 627; x_wconf 88' lang='lat' dir='ltr'>existendum;</span> <span class='ocrx_word' id='word_1_49' title='bbox 489 581 557 617; x_wconf 85' lang='lat' dir='ltr'>illa</span> <span class='ocrx_word' id='word_1_50' title='bbox 597 594 691 629; x_wconf 87' lang='lat' dir='ltr'>ergo</span> <span class='ocrx_word' id='word_1_51' title='bbox 725 582 910 629; x_wconf 87' lang='lat' dir='ltr'>potencia</span> <span class='ocrx_word' id='word_1_52' title='bbox 954 582 1158 628; x_wconf 89' lang='lat' dir='ltr'>existendi,</span> <span class='ocrx_word' id='word_1_53' title='bbox 1207 592 1247 618; x_wconf 92' lang='lat' dir='ltr'>ut</span> <span class='ocrx_word' id='word_1_54' title='bbox 1281 591 1479 628; x_wconf 80' lang='lat' dir='ltr'>actuatur,</span> 
     </span>
     <span class='ocr_line' id='line_1_11' title="bbox 176 639 1484 688; baseline 0.001 -12"><span class='ocrx_word' id='word_1_55' title='bbox 176 639 387 676; x_wconf 84' lang='lat' dir='ltr'>existencia</span> <span class='ocrx_word' id='word_1_56' title='bbox 419 647 585 675; x_wconf 82' lang='lat' dir='ltr'>vocatur</span> <span class='ocrx_word' id='word_1_57' title='bbox 618 639 846 675; x_wconf 84' lang='lat' dir='ltr'>nominibus</span> <span class='ocrx_word' id='word_1_58' title='bbox 879 640 1131 688; x_wconf 83' lang='lat' dir='ltr'>supradictis,</span> <span class='ocrx_word' id='word_1_59' title='bbox 1167 650 1204 676; x_wconf 90' lang='lat' dir='ltr'>et</span> <span class='ocrx_word' id='word_1_60' title='bbox 1228 640 1294 677; x_wconf 86' lang='lat' dir='ltr'>illa</span> <span class='ocrx_word' id='word_1_61' title='bbox 1317 650 1484 677; x_wconf 83' lang='lat' dir='ltr'>vocatur</span> 
     </span>
     <span class='ocr_line' id='line_1_12' title="bbox 175 697 1745 751; baseline 0.001 -19"><span class='ocrx_word' id='word_1_62' title='bbox 175 698 281 745; x_wconf 84' lang='lat' dir='ltr'>apud</span> <span class='ocrx_word' id='word_1_63' title='bbox 314 697 463 733; x_wconf 81' lang='lat' dir='ltr'>Grecos</span> <span class='ocrx_word' id='word_1_64' title='bbox 494 697 693 744; x_wconf 89' lang='lat' dir='ltr'>ypostasis</span> <span class='ocrx_word' id='word_1_65' title='bbox 727 706 764 733; x_wconf 91' lang='lat' dir='ltr'>et</span> <span class='ocrx_word' id='word_1_66' title='bbox 797 707 894 745; x_wconf 85' lang='lat' dir='ltr'>aput</span> <span class='ocrx_word' id='word_1_67' title='bbox 929 697 1091 734; x_wconf 84' lang='lat' dir='ltr'>Latinos</span> <span class='ocrx_word' id='word_1_68' title='bbox 1123 697 1353 734; x_wconf 82' lang='lat' dir='ltr'>subsistens.</span> <span class='ocrx_word' id='word_1_69' title='bbox 1741 747 1745 751; x_wconf 16' lang='grc' dir='ltr'>ἢ</span> 
     </span>
    </p>

    <p class='ocr_par' dir='ltr' id='par_1_6' title="bbox 174 754 1747 908">
     <span class='ocr_line' id='line_1_13' title="bbox 233 754 1720 803; baseline 0.001 -13"><span class='ocrx_word' id='word_1_70' title='bbox 233 756 418 791; x_wconf 83' lang='lat' dir='ltr'>Secundo</span> <span class='ocrx_word' id='word_1_71' title='bbox 455 756 575 791; x_wconf 89' lang='lat' dir='ltr'>modo</span> <span class='ocrx_word' id='word_1_72' title='bbox 608 754 804 803; x_wconf 80' lang='lat' dir='ltr'>accipitur</span> <span class='ocrx_word' id='word_1_73' title='bbox 837 755 1067 792; x_wconf 79' lang='lat' dir='ltr'>substancia</span> <span class='ocrx_word' id='word_1_74' title='bbox 1101 769 1174 803; x_wconf 88' lang='lat' dir='ltr'>pro</span> <span class='ocrx_word' id='word_1_75' title='bbox 1207 764 1300 792; x_wconf 90' lang='lat' dir='ltr'>actu</span> <span class='ocrx_word' id='word_1_76' title='bbox 1329 756 1483 792; x_wconf 87' lang='lat' dir='ltr'>essendi</span> <span class='ocrx_word' id='word_1_77' title='bbox 1556 768 1586 799; x_wconf 68' lang='lat'>2,</span> <span class='ocrx_word' id='word_1_78' title='bbox 1613 763 1720 797; x_wconf 70' lang='grc' dir='ltr'><em>οὐσία</em></span> 
     </span>
     <span class='ocr_line' id='line_1_14' title="bbox 174 808 1747 864; baseline 0.001 -15"><span class='ocrx_word' id='word_1_79' title='bbox 174 814 236 849; x_wconf 89' lang='lat' dir='ltr'>vel</span> <span class='ocrx_word' id='word_1_80' title='bbox 280 813 422 858; x_wconf 87' lang='lat' dir='ltr'>forma,</span> <span class='ocrx_word' id='word_1_81' title='bbox 469 825 548 862; x_wconf 86' lang='lat' dir='ltr'>qua</span> <span class='ocrx_word' id='word_1_82' title='bbox 592 824 653 848; x_wconf 82' lang='lat' dir='ltr'>res</span> <span class='ocrx_word' id='word_1_83' title='bbox 701 814 884 849; x_wconf 87' lang='lat' dir='ltr'>absoluta</span> <span class='ocrx_word' id='word_1_84' title='bbox 929 822 988 849; x_wconf 90' lang='lat' dir='ltr'>est</span> <span class='ocrx_word' id='word_1_85' title='bbox 1032 814 1143 864; x_wconf 75' lang='lat' dir='ltr'>illud,</span> <span class='ocrx_word' id='word_1_86' title='bbox 1187 815 1296 861; x_wconf 88' lang='lat' dir='ltr'>quod</span> <span class='ocrx_word' id='word_1_87' title='bbox 1330 823 1400 859; x_wconf 86' lang='lat' dir='ltr'>est,</span> <span class='ocrx_word' id='word_1_88' title='bbox 1447 823 1484 849; x_wconf 91' lang='lat' dir='ltr'>et</span> <span class='ocrx_word' id='word_1_89' title='bbox 1526 808 1747 842; x_wconf 76' lang='lat' dir='ltr'>subsistencia3</span> 
     </span>
     <span class='ocr_line' id='line_1_15' title="bbox 174 870 1366 908; baseline 0.001 -2"><span class='ocrx_word' id='word_1_90' title='bbox 174 871 286 907; x_wconf 87' lang='lat' dir='ltr'>illam</span> <span class='ocrx_word' id='word_1_91' title='bbox 320 879 464 906; x_wconf 88' lang='lat' dir='ltr'>vocant</span> <span class='ocrx_word' id='word_1_92' title='bbox 498 870 613 906; x_wconf 84' lang='lat' dir='ltr'>Greci</span> <span class='ocrx_word' id='word_1_93' title='bbox 646 870 775 907; x_wconf 88' lang='lat' dir='ltr'>usiam</span> <span class='ocrx_word' id='word_1_94' title='bbox 810 879 846 906; x_wconf 92' lang='lat' dir='ltr'>et</span> <span class='ocrx_word' id='word_1_95' title='bbox 882 870 1012 907; x_wconf 88' lang='lat' dir='ltr'>Latini</span> <span class='ocrx_word' id='word_1_96' title='bbox 1045 871 1366 908; x_wconf 87' lang='lat' dir='ltr'>subsistenciam.</span> 
     </span>
    </p>

    <p class='ocr_par' dir='ltr' id='par_1_7' title="bbox 175 927 1737 1207">
     <span class='ocr_line' id='line_1_16' title="bbox 233 927 1727 976; baseline 0.001 -13"><span class='ocrx_word' id='word_1_97' title='bbox 233 930 281 964; x_wconf 85' lang='lat' dir='ltr'>Et</span> <span class='ocrx_word' id='word_1_98' title='bbox 326 927 451 964; x_wconf 87' lang='lat' dir='ltr'>tercio</span> <span class='ocrx_word' id='word_1_99' title='bbox 499 929 621 964; x_wconf 88' lang='lat' dir='ltr'>modo</span> <span class='ocrx_word' id='word_1_100' title='bbox 674 928 872 976; x_wconf 79' lang='lat' dir='ltr'>accipitur</span> <span class='ocrx_word' id='word_1_101' title='bbox 924 928 1155 965; x_wconf 80' lang='lat' dir='ltr'>substancia</span> <span class='ocrx_word' id='word_1_102' title='bbox 1207 942 1281 976; x_wconf 81' lang='lat' dir='ltr'>pro</span> <span class='ocrx_word' id='word_1_103' title='bbox 1335 929 1483 965; x_wconf 87' lang='lat' dir='ltr'>unione</span> <span class='ocrx_word' id='word_1_104' title='bbox 1548 936 1727 971; x_wconf 51' lang='lat' dir='ltr'>anonim</span> 
     </span>
     <span class='ocr_line' id='line_1_17' title="bbox 175 985 1737 1034; baseline 0 -12"><span class='ocrx_word' id='word_1_105' title='bbox 175 986 343 1022; x_wconf 88' lang='lat' dir='ltr'>istorum</span> <span class='ocrx_word' id='word_1_106' title='bbox 379 987 428 1021; x_wconf 89' lang='lat' dir='ltr'>ad</span> <span class='ocrx_word' id='word_1_107' title='bbox 462 985 645 1031; x_wconf 88' lang='lat' dir='ltr'>invicem,</span> <span class='ocrx_word' id='word_1_108' title='bbox 680 999 799 1034; x_wconf 88' lang='lat' dir='ltr'>quam</span> <span class='ocrx_word' id='word_1_109' title='bbox 827 985 942 1022; x_wconf 85' lang='lat' dir='ltr'>Greci</span> <span class='ocrx_word' id='word_1_110' title='bbox 975 996 1120 1023; x_wconf 91' lang='lat' dir='ltr'>vocant</span> <span class='ocrx_word' id='word_1_111' title='bbox 1152 986 1269 1023; x_wconf 88' lang='lat' dir='ltr'>usion</span> <span class='ocrx_word' id='word_1_112' title='bbox 1293 996 1330 1023; x_wconf 88' lang='lat' dir='ltr'>et</span> <span class='ocrx_word' id='word_1_113' title='bbox 1354 986 1484 1022; x_wconf 86' lang='lat' dir='ltr'>Latini</span> <span class='ocrx_word' id='word_1_114' title='bbox 1540 986 1737 1017; x_wconf 71' lang='lat' dir='ltr'>superstan53</span> 
     </span>
     <span class='ocr_line' id='line_1_18' title="bbox 176 1043 1484 1092; baseline 0.001 -13"><span class='ocrx_word' id='word_1_115' title='bbox 176 1052 419 1091; x_wconf 82' lang='lat' dir='ltr'>superstans,</span> <span class='ocrx_word' id='word_1_116' title='bbox 455 1053 492 1080; x_wconf 91' lang='lat' dir='ltr'>et</span> <span class='ocrx_word' id='word_1_117' title='bbox 524 1044 652 1080; x_wconf 87' lang='lat' dir='ltr'>solum</span> <span class='ocrx_word' id='word_1_118' title='bbox 688 1044 765 1080; x_wconf 90' lang='lat' dir='ltr'>tale</span> <span class='ocrx_word' id='word_1_119' title='bbox 800 1053 856 1080; x_wconf 90' lang='lat' dir='ltr'>est</span> <span class='ocrx_word' id='word_1_120' title='bbox 880 1043 1101 1080; x_wconf 85' lang='lat' dir='ltr'>formaliter</span> <span class='ocrx_word' id='word_1_121' title='bbox 1123 1043 1163 1080; x_wconf 93' lang='lat' dir='ltr'>in</span> <span class='ocrx_word' id='word_1_122' title='bbox 1186 1044 1318 1091; x_wconf 88' lang='lat' dir='ltr'>primo</span> <span class='ocrx_word' id='word_1_123' title='bbox 1341 1057 1484 1092; x_wconf 84' lang='lat' dir='ltr'>genere</span> 
     </span>
     <span class='ocr_line' id='line_1_19' title="bbox 176 1101 1485 1149; baseline 0.001 -12"><span class='ocrx_word' id='word_1_124' title='bbox 176 1101 520 1149; x_wconf 87' lang='lat' dir='ltr'>predicamentali,</span> <span class='ocrx_word' id='word_1_125' title='bbox 567 1110 605 1137; x_wconf 90' lang='lat' dir='ltr'>et</span> <span class='ocrx_word' id='word_1_126' title='bbox 649 1110 731 1138; x_wconf 88' lang='lat' dir='ltr'>tota</span> <span class='ocrx_word' id='word_1_127' title='bbox 775 1101 851 1138; x_wconf 87' lang='lat' dir='ltr'>ista</span> <span class='ocrx_word' id='word_1_128' title='bbox 895 1101 1098 1138; x_wconf 79' lang='lat' dir='ltr'>sentencia</span> <span class='ocrx_word' id='word_1_129' title='bbox 1137 1110 1246 1149; x_wconf 91' lang='lat' dir='ltr'>patet</span> <span class='ocrx_word' id='word_1_130' title='bbox 1291 1103 1337 1138; x_wconf 85' lang='lat'>80</span> <span class='ocrx_word' id='word_1_131' title='bbox 1361 1104 1485 1139; x_wconf 89' lang='lat' dir='ltr'>Meta-</span> 
     </span>
     <span class='ocr_line' id='line_1_20' title="bbox 176 1158 421 1207; baseline -0.004 -12"><span class='ocrx_word' id='word_1_132' title='bbox 176 1158 328 1207; x_wconf 90' lang='lat' dir='ltr'>phisice</span> <span class='ocrx_word' id='word_1_133' title='bbox 364 1159 421 1195; x_wconf 81' lang='lat'>30.</span> 
     </span>
    </p>
   </div>
   <div class='ocr_carea' id='block_1_6' title="bbox 233 1216 1774 1264">
    <p class='ocr_par' dir='ltr' id='par_1_8' title="bbox 233 1216 1774 1264">
     <span class='ocr_line' id='line_1_21' title="bbox 233 1216 1774 1264; baseline -0.001 -11"><span class='ocrx_word' id='word_1_134' title='bbox 233 1218 310 1253; x_wconf 87' lang='lat' dir='ltr'>Sed</span> <span class='ocrx_word' id='word_1_135' title='bbox 343 1225 487 1264; x_wconf 90' lang='lat' dir='ltr'>quarto</span> <span class='ocrx_word' id='word_1_136' title='bbox 522 1219 641 1254; x_wconf 91' lang='lat' dir='ltr'>modo</span> <span class='ocrx_word' id='word_1_137' title='bbox 674 1217 869 1264; x_wconf 84' lang='lat' dir='ltr'>accipitur</span> <span class='ocrx_word' id='word_1_138' title='bbox 901 1216 1143 1263; x_wconf 82' lang='lat' dir='ltr'>substancia,</span> <span class='ocrx_word' id='word_1_139' title='bbox 1184 1227 1226 1253; x_wconf 91' lang='lat' dir='ltr'>ut</span> <span class='ocrx_word' id='word_1_140' title='bbox 1260 1227 1317 1254; x_wconf 87' lang='lat' dir='ltr'>est</span> <span class='ocrx_word' id='word_1_141' title='bbox 1350 1219 1486 1254; x_wconf 86' lang='lat' dir='ltr'>analo-</span> <span class='ocrx_word' id='word_1_142' title='bbox 1501 1234 1529 1259; x_wconf 73' lang='lat'>4·</span> <span class='ocrx_word' id='word_1_143' title='bbox 1551 1234 1610 1261; x_wconf 85' lang='lat' dir='ltr'>any</span> <span class='ocrx_word' id='word_1_144' title='bbox 1630 1225 1774 1260; x_wconf 82' lang='lat' dir='ltr'>meaning</span> 
     </span>
    </p>
   </div>
   <div class='ocr_carea' id='block_1_7' title="bbox 176 1261 1748 1329">
    <p class='ocr_par' dir='ltr' id='par_1_9' title="bbox 176 1261 1748 1329">
     <span class='ocr_line' id='line_1_22' title="bbox 176 1261 1748 1329; baseline -0.003 -18"><span class='ocrx_word' id='word_1_145' title='bbox 176 1287 270 1322; x_wconf 87' lang='lat' dir='ltr'>gum</span> <span class='ocrx_word' id='word_1_146' title='bbox 303 1287 517 1311; x_wconf 91' lang='lat' dir='ltr'>commune</span> <span class='ocrx_word' id='word_1_147' title='bbox 550 1276 600 1311; x_wconf 90' lang='lat' dir='ltr'>ad</span> <span class='ocrx_word' id='word_1_148' title='bbox 634 1275 840 1323; x_wconf 86' lang='lat' dir='ltr'>quodlibet</span> <span class='ocrx_word' id='word_1_149' title='bbox 874 1276 1016 1311; x_wconf 86' lang='lat' dir='ltr'>horum</span> <span class='ocrx_word' id='word_1_150' title='bbox 1062 1275 1198 1321; x_wconf 89' lang='lat' dir='ltr'>trium,</span> <span class='ocrx_word' id='word_1_151' title='bbox 1246 1284 1283 1312; x_wconf 90' lang='lat' dir='ltr'>et</span> <span class='ocrx_word' id='word_1_152' title='bbox 1328 1275 1383 1312; x_wconf 93' lang='lat' dir='ltr'>sic</span> <span class='ocrx_word' id='word_1_153' title='bbox 1429 1285 1486 1312; x_wconf 89' lang='lat' dir='ltr'>est</span> <span class='ocrx_word' id='word_1_154' title='bbox 1527 1261 1748 1329; x_wconf 43' lang='grc' dir='ltr'>ἃῃᾶὶῇξξέῗῖο</span> 
     </span>
    </p>
   </div>
   <div class='ocr_carea' id='block_1_8' title="bbox 176 1331 800 1380">
    <p class='ocr_par' dir='ltr' id='par_1_10' title="bbox 176 1331 800 1380">
     <span class='ocr_line' id='line_1_23' title="bbox 176 1331 800 1380; baseline 0.002 -12"><span class='ocrx_word' id='word_1_155' title='bbox 176 1333 392 1380; x_wconf 80' lang='lat' dir='ltr'>analogum</span> <span class='ocrx_word' id='word_1_156' title='bbox 426 1331 610 1380; x_wconf 90' lang='lat' dir='ltr'>superius</span> <span class='ocrx_word' id='word_1_157' title='bbox 643 1345 800 1380; x_wconf 83' lang='lat' dir='ltr'>genere</span> 
     </span>
    </p>
   </div>
   <div class='ocr_carea' id='block_1_9' title="bbox 234 1389 1763 1454">
    <p class='ocr_par' dir='ltr' id='par_1_11' title="bbox 234 1389 1763 1454">
     <span class='ocr_line' id='line_1_24' title="bbox 234 1389 1763 1454; baseline -0.001 -28"><span class='ocrx_word' id='word_1_158' title='bbox 234 1389 383 1452; x_wconf 82' lang='lat' dir='ltr'>Quinto</span> <span class='ocrx_word' id='word_1_159' title='bbox 415 1390 612 1437; x_wconf 89' lang='lat' dir='ltr'>accipitur</span> <span class='ocrx_word' id='word_1_160' title='bbox 634 1391 825 1453; x_wconf 80' lang='lat' dir='ltr'>analoyce</span> <span class='ocrx_word' id='word_1_161' title='bbox 850 1404 921 1438; x_wconf 84' lang='lat' dir='ltr'>pro</span> <span class='ocrx_word' id='word_1_162' title='bbox 945 1403 1201 1454; x_wconf 40' lang='lat' dir='ltr'>quacum-que</span> <span class='ocrx_word' id='word_1_163' title='bbox 1225 1391 1402 1428; x_wconf 89' lang='lat' dir='ltr'>essencia</span> <span class='ocrx_word' id='word_1_164' title='bbox 1425 1393 1486 1428; x_wconf 90' lang='lat' dir='ltr'>vel</span> <span class='ocrx_word' id='word_1_165' title='bbox 1518 1400 1541 1426; x_wconf 83' lang='lat'>5.</span> <span class='ocrx_word' id='word_1_166' title='bbox 1563 1407 1653 1435; x_wconf 83' lang='lat' dir='ltr'>every</span> <span class='ocrx_word' id='word_1_167' title='bbox 1674 1399 1763 1434; x_wconf 80' lang='lat' dir='ltr'>being</span> 
     </span>
    </p>
   </div>
   <div class='ocr_carea' id='block_1_10' title="bbox 174 1435 1728 1495">
    <p class='ocr_par' dir='ltr' id='par_1_12' title="bbox 174 1435 1728 1495">
     <span class='ocr_line' id='line_1_25' title="bbox 174 1435 1728 1495; baseline 0.002 -12"><span class='ocrx_word' id='word_1_168' title='bbox 174 1457 319 1484; x_wconf 68' lang='lat' dir='ltr'>natura</span> <span class='ocrx_word' id='word_1_169' title='bbox 352 1460 430 1484; x_wconf 84' lang='lat' dir='ltr'>Slve</span> <span class='ocrx_word' id='word_1_170' title='bbox 464 1457 599 1484; x_wconf 72' lang='lat' dir='ltr'>creata</span> <span class='ocrx_word' id='word_1_171' title='bbox 632 1461 711 1484; x_wconf 78' lang='lat' dir='ltr'>Sive</span> <span class='ocrx_word' id='word_1_172' title='bbox 745 1461 829 1484; x_wconf 77' lang='lat' dir='ltr'>mci</span> <span class='ocrx_word' id='word_1_173' title='bbox 835 1457 942 1493; x_wconf 71' lang='lat' dir='ltr'>Cata·</span> <span class='ocrx_word' id='word_1_174' title='bbox 975 1461 1030 1484; x_wconf 88' lang='lat' dir='ltr'>SlC</span> <span class='ocrx_word' id='word_1_175' title='bbox 1065 1461 1169 1484; x_wconf 77' lang='lat' dir='ltr'>enlm</span> <span class='ocrx_word' id='word_1_176' title='bbox 1203 1448 1374 1485; x_wconf 81' lang='lat' dir='ltr'>dlClleS</span> <span class='ocrx_word' id='word_1_177' title='bbox 1407 1459 1485 1486; x_wconf 73' lang='lat' dir='ltr'>tleS</span> <span class='ocrx_word' id='word_1_178' title='bbox 1544 1435 1728 1495; x_wconf 46' lang='lat' dir='ltr'>(ggeggaetdmgg</span> 
     </span>
    </p>
   </div>
   <div class='ocr_carea' id='block_1_11' title="bbox 174 1503 1727 1613">
    <p class='ocr_par' dir='ltr' id='par_1_13' title="bbox 174 1503 1727 1613">
     <span class='ocr_line' id='line_1_26' title="bbox 175 1503 1727 1553; baseline 0.002 -12"><span class='ocrx_word' id='word_1_179' title='bbox 175 1518 365 1553; x_wconf 88' lang='lat' dir='ltr'>personas</span> <span class='ocrx_word' id='word_1_180' title='bbox 382 1505 534 1542; x_wconf 87' lang='lat' dir='ltr'>divinas</span> <span class='ocrx_word' id='word_1_181' title='bbox 552 1518 635 1542; x_wconf 87' lang='lat' dir='ltr'>esse</span> <span class='ocrx_word' id='word_1_182' title='bbox 659 1507 824 1542; x_wconf 85' lang='lat' dir='ltr'>eandem</span> <span class='ocrx_word' id='word_1_183' title='bbox 851 1505 1138 1552; x_wconf 88' lang='lat' dir='ltr'>substanciam,</span> <span class='ocrx_word' id='word_1_184' title='bbox 1163 1506 1333 1543; x_wconf 88' lang='lat' dir='ltr'>dicimus</span> <span class='ocrx_word' id='word_1_185' title='bbox 1357 1507 1481 1543; x_wconf 86' lang='lat' dir='ltr'>eciam</span> <span class='ocrx_word' id='word_1_186' title='bbox 1547 1503 1727 1536; x_wconf 81' lang='lat' dir='ltr'>nncreated;</span> 
     </span>
     <span class='ocr_line' id='line_1_27' title="bbox 174 1563 1485 1613; baseline 0.002 -14"><span class='ocrx_word' id='word_1_187' title='bbox 174 1571 322 1609; x_wconf 84' lang='lat' dir='ltr'>actum,</span> <span class='ocrx_word' id='word_1_188' title='bbox 369 1563 610 1599; x_wconf 87' lang='lat' dir='ltr'>relacionem</span> <span class='ocrx_word' id='word_1_189' title='bbox 658 1572 695 1600; x_wconf 93' lang='lat' dir='ltr'>et</span> <span class='ocrx_word' id='word_1_190' title='bbox 741 1564 1024 1612; x_wconf 89' lang='lat' dir='ltr'>quodcumque</span> <span class='ocrx_word' id='word_1_191' title='bbox 1057 1577 1127 1612; x_wconf 88' lang='lat' dir='ltr'>per</span> <span class='ocrx_word' id='word_1_192' title='bbox 1159 1577 1200 1600; x_wconf 90' lang='lat' dir='ltr'>se</span> <span class='ocrx_word' id='word_1_193' title='bbox 1231 1564 1272 1600; x_wconf 91' lang='lat' dir='ltr'>in</span> <span class='ocrx_word' id='word_1_194' title='bbox 1305 1565 1485 1613; x_wconf 78' lang='lat' dir='ltr'>predica-</span> 
     </span>
    </p>
   </div>
   <div class='ocr_carea' id='block_1_12' title="bbox 171 1734 1487 2839">
    <p class='ocr_par' dir='ltr' id='par_1_14' title="bbox 171 1734 1487 2839">
     <span class='ocr_line' id='line_1_28' title="bbox 248 1734 1485 1779; baseline 0.003 -14"><span class='ocrx_word' id='word_1_195' title='bbox 248 1745 272 1767; x_wconf 95' lang='lat'>1.</span> <span class='ocrx_word' id='word_1_196' title='bbox 300 1734 495 1766; x_wconf 84' lang='lat' dir='ltr'>Avicebron</span> <span class='ocrx_word' id='word_1_197' title='bbox 523 1735 787 1773; x_wconf 79' lang='lat' dir='ltr'>(Avincebron),</span> <span class='ocrx_word' id='word_1_198' title='bbox 824 1745 893 1775; x_wconf 84' lang='lat' dir='ltr'>seu,</span> <span class='ocrx_word' id='word_1_199' title='bbox 932 1746 998 1776; x_wconf 77' lang='lat' dir='ltr'>quo</span> <span class='ocrx_word' id='word_1_200' title='bbox 1038 1736 1180 1769; x_wconf 85' lang='lat' dir='ltr'>nornine</span> <span class='ocrx_word' id='word_1_201' title='bbox 1217 1737 1485 1779; x_wconf 80' lang='lat' dir='ltr'>circumfertur,</span> 
     </span>
     <span class='ocr_line' id='line_1_29' title="bbox 173 1780 1484 1825; baseline 0.003 -14"><span class='ocrx_word' id='word_1_202' title='bbox 173 1781 380 1812; x_wconf 84' lang='lat' dir='ltr'>Salomon</span> <span class='ocrx_word' id='word_1_203' title='bbox 417 1781 488 1812; x_wconf 85' lang='lat' dir='ltr'>Ibn</span> <span class='ocrx_word' id='word_1_204' title='bbox 517 1780 714 1813; x_wconf 78' lang='lat' dir='ltr'>G’ebirol</span> <span class='ocrx_word' id='word_1_205' title='bbox 744 1786 854 1823; x_wconf 80' lang='lat' dir='ltr'>poeta</span> <span class='ocrx_word' id='word_1_206' title='bbox 889 1782 1047 1814; x_wconf 82' lang='lat' dir='ltr'>Judaeus</span> <span class='ocrx_word' id='word_1_207' title='bbox 1085 1783 1196 1815; x_wconf 77' lang='lat' dir='ltr'>variis</span> <span class='ocrx_word' id='word_1_208' title='bbox 1233 1783 1376 1825; x_wconf 80' lang='lat' dir='ltr'>scriptis</span> <span class='ocrx_word' id='word_1_209' title='bbox 1412 1784 1484 1815; x_wconf 86' lang='lat' dir='ltr'>cla-</span> 
     </span>
     <span class='ocr_line' id='line_1_30' title="bbox 174 1827 1486 1871; baseline 0.002 -13"><span class='ocrx_word' id='word_1_210' title='bbox 174 1827 347 1866; x_wconf 83' lang='lat' dir='ltr'>rissimus,</span> <span class='ocrx_word' id='word_1_211' title='bbox 384 1837 533 1868; x_wconf 85' lang='lat' dir='ltr'>quorum</span> <span class='ocrx_word' id='word_1_212' title='bbox 572 1827 750 1859; x_wconf 78' lang='lat' dir='ltr'>versiones</span> <span class='ocrx_word' id='word_1_213' title='bbox 786 1828 920 1860; x_wconf 84' lang='lat' dir='ltr'>latinas</span> <span class='ocrx_word' id='word_1_214' title='bbox 965 1828 1049 1860; x_wconf 79' lang='lat' dir='ltr'>milii</span> <span class='ocrx_word' id='word_1_215' title='bbox 1090 1834 1235 1869; x_wconf 81' lang='lat' dir='ltr'>praesto</span> <span class='ocrx_word' id='word_1_216' title='bbox 1273 1840 1340 1861; x_wconf 88' lang='lat' dir='ltr'>non</span> <span class='ocrx_word' id='word_1_217' title='bbox 1371 1830 1486 1871; x_wconf 69' lang='lat' dir='ltr'>f&#39;itisse</span> 
     </span>
     <span class='ocr_line' id='line_1_31' title="bbox 173 1873 1486 1917; baseline 0.002 -13"><span class='ocrx_word' id='word_1_218' title='bbox 173 1882 280 1915; x_wconf 82' lang='lat' dir='ltr'>aegre</span> <span class='ocrx_word' id='word_1_219' title='bbox 297 1874 393 1915; x_wconf 91' lang='lat' dir='ltr'>fero.</span> <span class='ocrx_word' id='word_1_220' title='bbox 429 1873 591 1905; x_wconf 88' lang='lat' dir='ltr'>Ceterum</span> <span class='ocrx_word' id='word_1_221' title='bbox 618 1875 662 1916; x_wconf 77' lang='lat' dir='ltr'>cf.</span> <span class='ocrx_word' id='word_1_222' title='bbox 690 1884 779 1915; x_wconf 83' lang='lat' dir='ltr'>quae</span> <span class='ocrx_word' id='word_1_223' title='bbox 804 1874 847 1906; x_wconf 87' lang='lat' dir='ltr'>de</span> <span class='ocrx_word' id='word_1_224' title='bbox 872 1875 936 1906; x_wconf 85' lang='lat' dir='ltr'>hoc</span> <span class='ocrx_word' id='word_1_225' title='bbox 961 1885 1038 1906; x_wconf 80' lang='lat' dir='ltr'>viro</span> <span class='ocrx_word' id='word_1_226' title='bbox 1065 1875 1245 1917; x_wconf 80' lang='lat' dir='ltr'>disputavi</span> <span class='ocrx_word' id='word_1_227' title='bbox 1271 1877 1305 1907; x_wconf 88' lang='lat' dir='ltr'>in</span> <span class='ocrx_word' id='word_1_228' title='bbox 1332 1876 1486 1907; x_wconf 89' lang='lat' dir='ltr'>ed1tione</span> 
     </span>
     <span class='ocr_line' id='line_1_32' title="bbox 172 1918 1485 1963; baseline 0.003 -14"><span class='ocrx_word' id='word_1_229' title='bbox 172 1923 350 1950; x_wconf 85' lang='lat' dir='ltr'>tractatus</span> <span class='ocrx_word' id='word_1_230' title='bbox 367 1918 414 1949; x_wconf 88' lang='lat' dir='ltr'><em>W</em></span> <span class='ocrx_word' id='word_1_231' title='bbox 412 1919 559 1961; x_wconf 87' lang='lat' dir='ltr'>iclifiani</span> <span class='ocrx_word' id='word_1_232' title='bbox 587 1920 663 1958; x_wconf 78' lang='lat' dir='ltr'>„De</span> <span class='ocrx_word' id='word_1_233' title='bbox 692 1921 952 1962; x_wconf 73' lang='lat' dir='ltr'>Conzpositione</span> <span class='ocrx_word' id='word_1_234' title='bbox 978 1920 1169 1953; x_wconf 84' lang='lat' dir='ltr'>Hominis&#39;&#39;</span> <span class='ocrx_word' id='word_1_235' title='bbox 1173 1933 1238 1963; x_wconf 83' lang='lat' dir='ltr'>,p.</span> <span class='ocrx_word' id='word_1_236' title='bbox 1267 1923 1314 1952; x_wconf 63' lang='lat'>24</span> <span class='ocrx_word' id='word_1_237' title='bbox 1341 1927 1412 1954; x_wconf 87' lang='lat' dir='ltr'>not</span> <span class='ocrx_word' id='word_1_238' title='bbox 1435 1924 1485 1953; x_wconf 89' lang='lat' dir='ltr'><em>l5.</em></span> 
     </span>
     <span class='ocr_line' id='line_1_33' title="bbox 174 1965 1485 2010; baseline 0.002 -14"><span class='ocrx_word' id='word_1_239' title='bbox 174 1965 277 2004; x_wconf 86' lang='lat' dir='ltr'>Quae</span> <span class='ocrx_word' id='word_1_240' title='bbox 315 1965 348 1997; x_wconf 90' lang='lat' dir='ltr'>in</span> <span class='ocrx_word' id='word_1_241' title='bbox 388 1966 543 2007; x_wconf 74' lang='lat' dir='ltr'>antiquis</span> <span class='ocrx_word' id='word_1_242' title='bbox 580 1966 790 1998; x_wconf 82' lang='lat' dir='ltr'>editionibus</span> <span class='ocrx_word' id='word_1_243' title='bbox 826 1966 981 2008; x_wconf 83' lang='lat' dir='ltr'>Metaplz.</span> <span class='ocrx_word' id='word_1_244' title='bbox 1016 1968 1049 2006; x_wconf 88' lang='grc'>8,</span> <span class='ocrx_word' id='word_1_245' title='bbox 1088 1978 1166 2008; x_wconf 85' lang='lat' dir='ltr'>cap.</span> <span class='ocrx_word' id='word_1_246' title='bbox 1201 1970 1225 1998; x_wconf 98' lang='lat'><em>5</em></span> <span class='ocrx_word' id='word_1_247' title='bbox 1260 1969 1485 2010; x_wconf 74' lang='lat' dir='ltr'>compr-elien</span> 
     </span>
     <span class='ocr_line' id='line_1_34' title="bbox 173 2011 1484 2055; baseline 0.002 -13"><span class='ocrx_word' id='word_1_248' title='bbox 173 2012 308 2043; x_wconf 81' lang='lat' dir='ltr'>dzmtur</span> <span class='ocrx_word' id='word_1_249' title='bbox 339 2012 384 2042; x_wconf 83' lang='lat' dir='ltr'>ab</span> <span class='ocrx_word' id='word_1_250' title='bbox 416 2012 469 2043; x_wconf 84' lang='lat' dir='ltr'>his</span> <span class='ocrx_word' id='word_1_251' title='bbox 507 2011 621 2043; x_wconf 80' lang='lat' dir='ltr'>verbis</span> <span class='ocrx_word' id='word_1_252' title='bbox 657 2012 829 2053; x_wconf 82' lang='lat' dir='ltr'>incipiunt</span> <span class='ocrx_word' id='word_1_253' title='bbox 862 2013 942 2053; x_wconf 86' lang='lat' dir='ltr'>(Ed.</span> <span class='ocrx_word' id='word_1_254' title='bbox 973 2013 1058 2045; x_wconf 82' lang='lat' dir='ltr'>Par.</span> <span class='ocrx_word' id='word_1_255' title='bbox 1085 2014 1140 2045; x_wconf 80' lang='lat' dir='ltr'>lib.</span> <span class='ocrx_word' id='word_1_256' title='bbox 1174 2013 1247 2053; x_wconf 91' lang='lat' dir='ltr'>VII,</span> <span class='ocrx_word' id='word_1_257' title='bbox 1280 2023 1356 2055; x_wconf 83' lang='lat' dir='ltr'>cap</span> <span class='ocrx_word' id='word_1_258' title='bbox 1392 2014 1427 2045; x_wconf 92' lang='grc' dir='ltr'>ΙΙ</span> <span class='ocrx_word' id='word_1_259' title='bbox 1459 2017 1484 2052; x_wconf 85' lang='grc'>1,</span> 
     </span>
     <span class='ocr_line' id='line_1_35' title="bbox 173 2055 1485 2112; baseline 0.002 -23"><span class='ocrx_word' id='word_1_260' title='bbox 173 2059 239 2089; x_wconf 87' lang='lat' dir='ltr'>vol.</span> <span class='ocrx_word' id='word_1_261' title='bbox 267 2057 323 2088; x_wconf 92' lang='lat' dir='ltr'>II</span> <span class='ocrx_word' id='word_1_262' title='bbox 330 2059 413 2096; x_wconf 83' lang='lat'><em>559,</em></span> <span class='ocrx_word' id='word_1_263' title='bbox 439 2060 456 2089; x_wconf 88' lang='lat'><strong><em>1</em></strong></span> <span class='ocrx_word' id='word_1_264' title='bbox 480 2060 558 2098; x_wconf 87' lang='lat' dir='ltr'>ss.:)</span> <span class='ocrx_word' id='word_1_265' title='bbox 602 2055 700 2089; x_wconf 77' lang='grc' dir='ltr'><strong>Ἐπεὶ</strong></span> <span class='ocrx_word' id='word_1_266' title='bbox 733 2056 765 2088; x_wconf 78' lang='grc' dir='ltr'>δ’</span> <span class='ocrx_word' id='word_1_267' title='bbox 783 2055 811 2112; x_wconf 86' lang='grc' dir='ltr'><em>ἡ</em></span> <span class='ocrx_word' id='word_1_268' title='bbox 842 2057 908 2100; x_wconf 74' lang='grc' dir='ltr'>μὲν</span> <span class='ocrx_word' id='word_1_269' title='bbox 940 2058 990 2096; x_wconf 80' lang='grc' dir='ltr'>ὡς</span> <span class='ocrx_word' id='word_1_270' title='bbox 1018 2057 1236 2101; x_wconf 73' lang='grc' dir='ltr'><em>ὑποκειμένη</em></span> <span class='ocrx_word' id='word_1_271' title='bbox 1261 2057 1321 2091; x_wconf 75' lang='grc' dir='ltr'>καὶ</span> <span class='ocrx_word' id='word_1_272' title='bbox 1348 2059 1397 2097; x_wconf 81' lang='grc' dir='ltr'>ὡς</span> <span class='ocrx_word' id='word_1_273' title='bbox 1420 2059 1485 2102; x_wconf 80' lang='grc' dir='ltr'>ὕλη</span> 
     </span>
     <span class='ocr_line' id='line_1_36' title="bbox 173 2100 1486 2159; baseline 0.002 -24"><span class='ocrx_word' id='word_1_274' title='bbox 173 2101 280 2135; x_wconf 76' lang='grc' dir='ltr'><em>οὐσία</em></span> <span class='ocrx_word' id='word_1_275' title='bbox 318 2100 552 2145; x_wconf 69' lang='grc' dir='ltr'><em>ὁμολογεῖται,</em></span> <span class='ocrx_word' id='word_1_276' title='bbox 591 2102 682 2145; x_wconf 80' lang='grc' dir='ltr'><em>αὕτη</em></span> <span class='ocrx_word' id='word_1_277' title='bbox 720 2102 752 2134; x_wconf 85' lang='grc' dir='ltr'>δ’</span> <span class='ocrx_word' id='word_1_278' title='bbox 776 2100 873 2136; x_wconf 71' lang='grc' dir='ltr'><em>ἐστὶν</em></span> <span class='ocrx_word' id='word_1_279' title='bbox 910 2103 932 2146; x_wconf 82' lang='grc' dir='ltr'>ἡ</span> <span class='ocrx_word' id='word_1_280' title='bbox 969 2104 1130 2159; x_wconf 35' lang='grc' dir='ltr'><em>δυνάμειθ,</em></span> <span class='ocrx_word' id='word_1_281' title='bbox 1169 2103 1296 2137; x_wconf 83' lang='grc' dir='ltr'><em>λοιπὸν</em></span> <span class='ocrx_word' id='word_1_282' title='bbox 1332 2104 1399 2146; x_wconf 82' lang='grc' dir='ltr'>τὴν</span> <span class='ocrx_word' id='word_1_283' title='bbox 1437 2105 1486 2143; x_wconf 83' lang='grc' dir='ltr'>ὡς</span> 
     </span>
     <span class='ocr_line' id='line_1_37' title="bbox 172 2146 1487 2197; baseline 0.002 -16"><span class='ocrx_word' id='word_1_284' title='bbox 172 2146 353 2197; x_wconf 78' lang='grc' dir='ltr'><strong><em>ἐνέργειαν</em></strong></span> <span class='ocrx_word' id='word_1_285' title='bbox 391 2147 520 2181; x_wconf 79' lang='grc' dir='ltr'><em>οὐσίαν</em></span> <span class='ocrx_word' id='word_1_286' title='bbox 550 2152 625 2181; x_wconf 82' lang='grc' dir='ltr'>τῶν</span> <span class='ocrx_word' id='word_1_287' title='bbox 661 2147 851 2192; x_wconf 80' lang='grc' dir='ltr'><em>αἰσθητῶν</em></span> <span class='ocrx_word' id='word_1_288' title='bbox 887 2148 1001 2183; x_wconf 72' lang='grc' dir='ltr'><em>εἰπεῖν</em></span> <span class='ocrx_word' id='word_1_289' title='bbox 1032 2163 1085 2189; x_wconf 80' lang='grc' dir='ltr'>τις</span> <span class='ocrx_word' id='word_1_290' title='bbox 1115 2148 1223 2183; x_wconf 77' lang='grc' dir='ltr'><em>ἐστιν.</em></span> <span class='ocrx_word' id='word_1_291' title='bbox 1260 2150 1487 2194; x_wconf 77' lang='grc' dir='ltr'><em>Δημόκριτος</em></span> 
     </span>
     <span class='ocr_line' id='line_1_38' title="bbox 172 2193 1485 2244; baseline 0.002 -17"><span class='ocrx_word' id='word_1_292' title='bbox 172 2194 237 2237; x_wconf 77' lang='grc' dir='ltr'>μὲν</span> <span class='ocrx_word' id='word_1_293' title='bbox 270 2196 336 2226; x_wconf 87' lang='grc' dir='ltr'>οὐν</span> <span class='ocrx_word' id='word_1_294' title='bbox 368 2196 463 2238; x_wconf 79' lang='grc' dir='ltr'><em>τρεῖς</em></span> <span class='ocrx_word' id='word_1_295' title='bbox 493 2193 675 2244; x_wconf 77' lang='grc' dir='ltr'><em>διαφορὰς</em></span> <span class='ocrx_word' id='word_1_296' title='bbox 706 2193 822 2228; x_wconf 64' lang='grc' dir='ltr'><em>ἔοικεν</em></span> <span class='ocrx_word' id='word_1_297' title='bbox 853 2194 1007 2241; x_wconf 82' lang='grc' dir='ltr'><em>οἰομένῳ</em></span> <span class='ocrx_word' id='word_1_298' title='bbox 1036 2197 1152 2230; x_wconf 77' lang='grc' dir='ltr'><em>εἰναι.</em></span> <span class='ocrx_word' id='word_1_299' title='bbox 1174 2196 1422 2239; x_wconf 75' lang='grc' dir='ltr'><em>..φαίνονται</em></span> <span class='ocrx_word' id='word_1_300' title='bbox 1446 2196 1485 2229; x_wconf 78' lang='grc' dir='ltr'>δὲ</span> 
     </span>
     <span class='ocr_line' id='line_1_39' title="bbox 172 2239 1485 2286; baseline 0.002 -13"><span class='ocrx_word' id='word_1_301' title='bbox 172 2239 297 2273; x_wconf 75' lang='grc' dir='ltr'><em>πολλαὶ</em></span> <span class='ocrx_word' id='word_1_302' title='bbox 322 2239 499 2284; x_wconf 76' lang='grc' dir='ltr'><em>διαφοραι</em></span> <span class='ocrx_word' id='word_1_303' title='bbox 523 2244 654 2273; x_wconf 64' lang='lat' dir='ltr'>ooo-ou.</span> <span class='ocrx_word' id='word_1_304' title='bbox 700 2266 707 2272; x_wconf 90' lang='lat'><strong>.</strong></span> <span class='ocrx_word' id='word_1_305' title='bbox 728 2266 735 2273; x_wconf 91' lang='lat'><strong>.</strong></span> <span class='ocrx_word' id='word_1_306' title='bbox 761 2243 823 2275; x_wconf 88' lang='lat' dir='ltr'>sed</span> <span class='ocrx_word' id='word_1_307' title='bbox 849 2243 972 2286; x_wconf 84' lang='lat' dir='ltr'>Wiclis</span> <span class='ocrx_word' id='word_1_308' title='bbox 990 2245 1055 2277; x_wconf 82' lang='lat' dir='ltr'>hoc</span> <span class='ocrx_word' id='word_1_309' title='bbox 1079 2245 1156 2276; x_wconf 90' lang='lat' dir='ltr'>loco</span> <span class='ocrx_word' id='word_1_310' title='bbox 1182 2245 1288 2276; x_wconf 84' lang='lat' dir='ltr'>verba</span> <span class='ocrx_word' id='word_1_311' title='bbox 1317 2246 1485 2277; x_wconf 81' lang='lat' dir='ltr'>Averrois</span> 
     </span>
     <span class='ocr_line' id='line_1_40' title="bbox 173 2287 1484 2332; baseline 0.001 -12"><span class='ocrx_word' id='word_1_312' title='bbox 173 2287 372 2330; x_wconf 85' lang='lat' dir='ltr'>respexisse</span> <span class='ocrx_word' id='word_1_313' title='bbox 390 2289 538 2327; x_wconf 82' lang='lat' dir='ltr'>videtur,</span> <span class='ocrx_word' id='word_1_314' title='bbox 567 2289 624 2331; x_wconf 84' lang='lat' dir='ltr'>qui</span> <span class='ocrx_word' id='word_1_315' title='bbox 644 2289 991 2322; x_wconf 83' lang='lat' dir='ltr'>Commentariorum</span> <span class='ocrx_word' id='word_1_316' title='bbox 1020 2290 1053 2322; x_wconf 90' lang='lat' dir='ltr'>in</span> <span class='ocrx_word' id='word_1_317' title='bbox 1074 2290 1268 2321; x_wconf 80' lang='lat' dir='ltr'>Aristotelis</span> <span class='ocrx_word' id='word_1_318' title='bbox 1287 2290 1389 2332; x_wconf 79' lang='lat' dir='ltr'>Phys.</span> <span class='ocrx_word' id='word_1_319' title='bbox 1409 2291 1484 2321; x_wconf 86' lang='lat' dir='ltr'>VIII</span> 
     </span>
     <span class='ocr_line' id='line_1_41' title="bbox 172 2334 1486 2378; baseline 0.001 -12"><span class='ocrx_word' id='word_1_320' title='bbox 172 2334 323 2366; x_wconf 82' lang='lat' dir='ltr'>sectione</span> <span class='ocrx_word' id='word_1_321' title='bbox 341 2334 449 2365; x_wconf 84' lang='lat' dir='ltr'>tertia</span> <span class='ocrx_word' id='word_1_322' title='bbox 469 2334 569 2366; x_wconf 83' lang='lat' dir='ltr'>docet</span> <span class='ocrx_word' id='word_1_323' title='bbox 587 2335 673 2367; x_wconf 88' lang='lat' dir='ltr'>haec</span> <span class='ocrx_word' id='word_1_324' title='bbox 691 2335 774 2376; x_wconf 84' lang='lat' dir='ltr'>(Ed.</span> <span class='ocrx_word' id='word_1_325' title='bbox 802 2335 881 2368; x_wconf 78' lang='lat' dir='ltr'>Ven.</span> <span class='ocrx_word' id='word_1_326' title='bbox 905 2336 1001 2375; x_wconf 80' lang='lat' dir='ltr'>VIII,</span> <span class='ocrx_word' id='word_1_327' title='bbox 1019 2338 1086 2378; x_wconf 89' lang='lat' dir='ltr'>fol.</span> <span class='ocrx_word' id='word_1_328' title='bbox 1108 2338 1187 2376; x_wconf 79' lang='lat'><strong>99).·</strong></span> <span class='ocrx_word' id='word_1_329' title='bbox 1213 2336 1271 2375; x_wconf 85' lang='lat' dir='ltr'>Et,</span> <span class='ocrx_word' id='word_1_330' title='bbox 1290 2346 1367 2368; x_wconf 85' lang='lat' dir='ltr'>cum</span> <span class='ocrx_word' id='word_1_331' title='bbox 1388 2337 1486 2376; x_wconf 83' lang='lat' dir='ltr'>dicit,</span> 
     </span>
     <span class='ocr_line' id='line_1_42' title="bbox 173 2380 1484 2425; baseline 0.001 -12"><span class='ocrx_word' id='word_1_332' title='bbox 173 2380 221 2414; x_wconf 80' lang='lat' dir='ltr'>Et</span> <span class='ocrx_word' id='word_1_333' title='bbox 245 2380 444 2412; x_wconf 82' lang='lat' dir='ltr'>substantia</span> <span class='ocrx_word' id='word_1_334' title='bbox 471 2384 523 2412; x_wconf 83' lang='lat' dir='ltr'>est</span> <span class='ocrx_word' id='word_1_335' title='bbox 547 2381 740 2413; x_wconf 80' lang='lat' dir='ltr'>subiectum</span> <span class='ocrx_word' id='word_1_336' title='bbox 767 2386 841 2420; x_wconf 66' lang='lat' dir='ltr'>ete,</span> <span class='ocrx_word' id='word_1_337' title='bbox 875 2382 912 2413; x_wconf 89' lang='lat' dir='ltr'>id</span> <span class='ocrx_word' id='word_1_338' title='bbox 937 2386 987 2414; x_wconf 83' lang='lat' dir='ltr'>est</span> <span class='ocrx_word' id='word_1_339' title='bbox 1020 2387 1054 2414; x_wconf 87' lang='lat' dir='ltr'>et</span> <span class='ocrx_word' id='word_1_340' title='bbox 1087 2382 1248 2421; x_wconf 82' lang='lat' dir='ltr'>intendit,</span> <span class='ocrx_word' id='word_1_341' title='bbox 1281 2383 1376 2425; x_wconf 81' lang='lat' dir='ltr'>quod</span> <span class='ocrx_word' id='word_1_342' title='bbox 1406 2383 1484 2414; x_wconf 87' lang='lat' dir='ltr'>sub-</span> 
     </span>
     <span class='ocr_line' id='line_1_43' title="bbox 173 2426 1485 2471; baseline 0.002 -13"><span class='ocrx_word' id='word_1_343' title='bbox 173 2426 310 2458; x_wconf 88' lang='lat' dir='ltr'>stantia</span> <span class='ocrx_word' id='word_1_344' title='bbox 344 2426 475 2458; x_wconf 83' lang='lat' dir='ltr'>dicitur·</span> <span class='ocrx_word' id='word_1_345' title='bbox 500 2427 622 2468; x_wconf 80' lang='lat' dir='ltr'>primo</span> <span class='ocrx_word' id='word_1_346' title='bbox 656 2427 759 2459; x_wconf 87' lang='lat' dir='ltr'>modo</span> <span class='ocrx_word' id='word_1_347' title='bbox 791 2427 834 2459; x_wconf 85' lang='lat' dir='ltr'>de</span> <span class='ocrx_word' id='word_1_348' title='bbox 866 2428 941 2467; x_wconf 87' lang='lat' dir='ltr'>illo,</span> <span class='ocrx_word' id='word_1_349' title='bbox 973 2428 1067 2471; x_wconf 79' lang='lat' dir='ltr'>quod</span> <span class='ocrx_word' id='word_1_350' title='bbox 1091 2434 1142 2461; x_wconf 83' lang='lat' dir='ltr'>est</span> <span class='ocrx_word' id='word_1_351' title='bbox 1167 2429 1326 2461; x_wconf 85' lang='lat' dir='ltr'>existens</span> <span class='ocrx_word' id='word_1_352' title='bbox 1345 2439 1414 2470; x_wconf 80' lang='lat' dir='ltr'>per</span> <span class='ocrx_word' id='word_1_353' title='bbox 1438 2439 1485 2468; x_wconf 90' lang='lat' dir='ltr'>se,</span> 
     </span>
     <span class='ocr_line' id='line_1_44' title="bbox 174 2472 1485 2515; baseline 0.002 -12"><span class='ocrx_word' id='word_1_354' title='bbox 174 2472 284 2514; x_wconf 82' lang='lat' dir='ltr'>quod</span> <span class='ocrx_word' id='word_1_355' title='bbox 316 2476 378 2504; x_wconf 84' lang='lat' dir='ltr'>est</span> <span class='ocrx_word' id='word_1_356' title='bbox 410 2472 644 2504; x_wconf 81' lang='lat' dir='ltr'>subiectum</span> <span class='ocrx_word' id='word_1_357' title='bbox 677 2473 783 2505; x_wconf 85' lang='lat' dir='ltr'>aliis</span> <span class='ocrx_word' id='word_1_358' title='bbox 810 2474 1213 2515; x_wconf 80' lang='lat' dir='ltr'>praedicamentis,</span> <span class='ocrx_word' id='word_1_359' title='bbox 1251 2479 1284 2506; x_wconf 82' lang='lat' dir='ltr'>et</span> <span class='ocrx_word' id='word_1_360' title='bbox 1314 2479 1366 2507; x_wconf 83' lang='lat' dir='ltr'>est</span> <span class='ocrx_word' id='word_1_361' title='bbox 1391 2484 1485 2506; x_wconf 82' lang='lat' dir='ltr'>com-</span> 
     </span>
     <span class='ocr_line' id='line_1_45' title="bbox 171 2519 1485 2560; baseline 0.002 -10"><span class='ocrx_word' id='word_1_362' title='bbox 171 2519 323 2560; x_wconf 86' lang='lat' dir='ltr'>positum</span> <span class='ocrx_word' id='word_1_363' title='bbox 351 2527 399 2550; x_wconf 87' lang='lat' dir='ltr'>ex</span> <span class='ocrx_word' id='word_1_364' title='bbox 426 2519 579 2551; x_wconf 85' lang='lat' dir='ltr'>materia</span> <span class='ocrx_word' id='word_1_365' title='bbox 606 2523 640 2551; x_wconf 81' lang='lat' dir='ltr'>et</span> <span class='ocrx_word' id='word_1_366' title='bbox 656 2520 805 2560; x_wconf 87' lang='lat' dir='ltr'>forma.-</span> <span class='ocrx_word' id='word_1_367' title='bbox 830 2528 864 2552; x_wconf 81' lang='lat' dir='ltr'>et</span> <span class='ocrx_word' id='word_1_368' title='bbox 888 2520 1022 2552; x_wconf 84' lang='lat' dir='ltr'>dicitur</span> <span class='ocrx_word' id='word_1_369' title='bbox 1047 2521 1120 2552; x_wconf 87' lang='lat' dir='ltr'>alio</span> <span class='ocrx_word' id='word_1_370' title='bbox 1148 2520 1252 2552; x_wconf 89' lang='lat' dir='ltr'>modo</span> <span class='ocrx_word' id='word_1_371' title='bbox 1271 2521 1313 2553; x_wconf 89' lang='lat' dir='ltr'>de</span> <span class='ocrx_word' id='word_1_372' title='bbox 1332 2522 1485 2553; x_wconf 84' lang='lat' dir='ltr'>materia</span> 
     </span>
     <span class='ocr_line' id='line_1_46' title="bbox 173 2564 1485 2608; baseline 0.002 -12"><span class='ocrx_word' id='word_1_373' title='bbox 173 2565 271 2596; x_wconf 84' lang='lat' dir='ltr'>istius</span> <span class='ocrx_word' id='word_1_374' title='bbox 296 2565 536 2604; x_wconf 74' lang='lat' dir='ltr'>substantia65</span> <span class='ocrx_word' id='word_1_375' title='bbox 563 2569 594 2596; x_wconf 82' lang='lat' dir='ltr'>et</span> <span class='ocrx_word' id='word_1_376' title='bbox 621 2564 699 2597; x_wconf 84' lang='lat' dir='ltr'>dico</span> <span class='ocrx_word' id='word_1_377' title='bbox 727 2566 916 2598; x_wconf 80' lang='lat' dir='ltr'>materiam</span> <span class='ocrx_word' id='word_1_378' title='bbox 944 2566 1041 2605; x_wconf 87' lang='lat' dir='ltr'>illud,</span> <span class='ocrx_word' id='word_1_379' title='bbox 1067 2567 1160 2608; x_wconf 83' lang='lat' dir='ltr'>quod</span> <span class='ocrx_word' id='word_1_380' title='bbox 1186 2577 1254 2598; x_wconf 86' lang='lat' dir='ltr'>non</span> <span class='ocrx_word' id='word_1_381' title='bbox 1280 2571 1331 2599; x_wconf 87' lang='lat' dir='ltr'>est</span> <span class='ocrx_word' id='word_1_382' title='bbox 1349 2567 1384 2599; x_wconf 88' lang='lat' dir='ltr'>in</span> <span class='ocrx_word' id='word_1_383' title='bbox 1404 2572 1485 2599; x_wconf 87' lang='lat' dir='ltr'>actu</span> 
     </span>
     <span class='ocr_line' id='line_1_47' title="bbox 174 2610 1487 2653; baseline 0.002 -11"><span class='ocrx_word' id='word_1_384' title='bbox 174 2610 293 2652; x_wconf 84' lang='lat' dir='ltr'>aliquo</span> <span class='ocrx_word' id='word_1_385' title='bbox 325 2610 609 2642; x_wconf 84' lang='lat' dir='ltr'>demonstratum</span> <span class='ocrx_word' id='word_1_386' title='bbox 643 2616 675 2642; x_wconf 84' lang='lat' dir='ltr'>et</span> <span class='ocrx_word' id='word_1_387' title='bbox 706 2615 759 2643; x_wconf 86' lang='lat' dir='ltr'>est</span> <span class='ocrx_word' id='word_1_388' title='bbox 785 2612 819 2643; x_wconf 86' lang='lat' dir='ltr'>in</span> <span class='ocrx_word' id='word_1_389' title='bbox 842 2613 1004 2653; x_wconf 81' lang='lat' dir='ltr'>potentia</span> <span class='ocrx_word' id='word_1_390' title='bbox 1031 2613 1135 2645; x_wconf 90' lang='lat' dir='ltr'>illius.</span> <span class='ocrx_word' id='word_1_391' title='bbox 1160 2612 1302 2645; x_wconf 85' lang='lat' dir='ltr'>Deinde</span> <span class='ocrx_word' id='word_1_392' title='bbox 1327 2613 1414 2645; x_wconf 88' lang='lat' dir='ltr'>dicit</span> <span class='ocrx_word' id='word_1_393' title='bbox 1440 2614 1487 2645; x_wconf 87' lang='lat' dir='ltr'>Et</span> 
     </span>
     <span class='ocr_line' id='line_1_48' title="bbox 174 2656 1485 2699; baseline 0.002 -11"><span class='ocrx_word' id='word_1_394' title='bbox 174 2657 246 2688; x_wconf 88' lang='lat' dir='ltr'>alio</span> <span class='ocrx_word' id='word_1_395' title='bbox 273 2656 377 2688; x_wconf 83' lang='lat' dir='ltr'>modo</span> <span class='ocrx_word' id='word_1_396' title='bbox 404 2661 454 2688; x_wconf 81' lang='lat' dir='ltr'>est</span> <span class='ocrx_word' id='word_1_397' title='bbox 479 2656 653 2699; x_wconf 72' lang='lat' dir='ltr'>definitio,</span> <span class='ocrx_word' id='word_1_398' title='bbox 680 2657 716 2688; x_wconf 88' lang='lat' dir='ltr'>id</span> <span class='ocrx_word' id='word_1_399' title='bbox 741 2662 793 2690; x_wconf 88' lang='lat' dir='ltr'>est</span> <span class='ocrx_word' id='word_1_400' title='bbox 818 2659 1018 2690; x_wconf 82' lang='lat' dir='ltr'>substantia</span> <span class='ocrx_word' id='word_1_401' title='bbox 1045 2658 1176 2691; x_wconf 86' lang='lat' dir='ltr'>dicitur</span> <span class='ocrx_word' id='word_1_402' title='bbox 1201 2659 1353 2691; x_wconf 87' lang='lat' dir='ltr'>secundo</span> <span class='ocrx_word' id='word_1_403' title='bbox 1381 2660 1485 2691; x_wconf 89' lang='lat' dir='ltr'>modo</span> 
     </span>
     <span class='ocr_line' id='line_1_49' title="bbox 174 2702 1486 2747; baseline 0.003 -14"><span class='ocrx_word' id='word_1_404' title='bbox 174 2702 218 2734; x_wconf 88' lang='lat' dir='ltr'>de</span> <span class='ocrx_word' id='word_1_405' title='bbox 243 2702 312 2741; x_wconf 85' lang='lat' dir='ltr'>illo,</span> <span class='ocrx_word' id='word_1_406' title='bbox 338 2702 431 2744; x_wconf 73' lang='lat' dir='ltr'>quod</span> <span class='ocrx_word' id='word_1_407' title='bbox 456 2702 634 2745; x_wconf 77' lang='lat' dir='ltr'>significat</span> <span class='ocrx_word' id='word_1_408' title='bbox 651 2703 820 2745; x_wconf 77' lang='lat' dir='ltr'>definitio,</span> <span class='ocrx_word' id='word_1_409' title='bbox 840 2704 1108 2747; x_wconf 82' lang='lat' dir='ltr'>scilicetsorma</span> <span class='ocrx_word' id='word_1_410' title='bbox 1128 2732 1135 2738; x_wconf 88' lang='lat'><em>.</em></span> <span class='ocrx_word' id='word_1_411' title='bbox 1156 2729 1162 2737; x_wconf 96' lang='lat'>.</span> <span class='ocrx_word' id='word_1_412' title='bbox 1182 2728 1190 2736; x_wconf 90' lang='lat'><strong>.</strong></span> <span class='ocrx_word' id='word_1_413' title='bbox 1210 2728 1217 2736; x_wconf 90' lang='lat'><strong>.</strong></span> <span class='ocrx_word' id='word_1_414' title='bbox 1237 2705 1375 2737; x_wconf 84' lang='lat' dir='ltr'>Deinde</span> <span class='ocrx_word' id='word_1_415' title='bbox 1393 2706 1486 2743; x_wconf 84' lang='lat' dir='ltr'>dicit,</span> 
     </span>
     <span class='ocr_line' id='line_1_50' title="bbox 174 2748 1485 2790; baseline 0.002 -11"><span class='ocrx_word' id='word_1_416' title='bbox 174 2748 220 2780; x_wconf 82' lang='lat' dir='ltr'>Et</span> <span class='ocrx_word' id='word_1_417' title='bbox 245 2748 350 2780; x_wconf 88' lang='lat' dir='ltr'>tertio</span> <span class='ocrx_word' id='word_1_418' title='bbox 378 2748 481 2780; x_wconf 87' lang='lat' dir='ltr'>modo</span> <span class='ocrx_word' id='word_1_419' title='bbox 508 2748 607 2788; x_wconf 84' lang='lat' dir='ltr'>illud,</span> <span class='ocrx_word' id='word_1_420' title='bbox 633 2749 727 2790; x_wconf 82' lang='lat' dir='ltr'>quod</span> <span class='ocrx_word' id='word_1_421' title='bbox 752 2755 803 2781; x_wconf 79' lang='lat' dir='ltr'>est</span> <span class='ocrx_word' id='word_1_422' title='bbox 829 2760 877 2782; x_wconf 81' lang='lat' dir='ltr'>ex</span> <span class='ocrx_word' id='word_1_423' title='bbox 902 2751 976 2782; x_wconf 86' lang='lat' dir='ltr'>istis</span> <span class='ocrx_word' id='word_1_424' title='bbox 1003 2756 1077 2790; x_wconf 64' lang='lat' dir='ltr'>etc„</span> <span class='ocrx_word' id='word_1_425' title='bbox 1104 2751 1140 2782; x_wconf 81' lang='lat' dir='ltr'>id</span> <span class='ocrx_word' id='word_1_426' title='bbox 1158 2755 1209 2782; x_wconf 89' lang='lat' dir='ltr'>est</span> <span class='ocrx_word' id='word_1_427' title='bbox 1227 2755 1260 2782; x_wconf 86' lang='lat' dir='ltr'>et</span> <span class='ocrx_word' id='word_1_428' title='bbox 1287 2752 1485 2784; x_wconf 71' lang='lat' dir='ltr'>substantia</span> 
     </span>
     <span class='ocr_line' id='line_1_51' title="bbox 174 2794 1244 2839; baseline 0.003 -14"><span class='ocrx_word' id='word_1_429' title='bbox 174 2795 283 2826; x_wconf 80' lang='lat' dir='ltr'>tertia</span> <span class='ocrx_word' id='word_1_430' title='bbox 309 2794 406 2833; x_wconf 84' lang='lat' dir='ltr'>illud,</span> <span class='ocrx_word' id='word_1_431' title='bbox 434 2794 526 2837; x_wconf 84' lang='lat' dir='ltr'>quod</span> <span class='ocrx_word' id='word_1_432' title='bbox 552 2801 798 2837; x_wconf 78' lang='lat' dir='ltr'>congregatur</span> <span class='ocrx_word' id='word_1_433' title='bbox 825 2806 846 2827; x_wconf 91' lang='lat' dir='ltr'>a</span> <span class='ocrx_word' id='word_1_434' title='bbox 874 2797 1027 2828; x_wconf 77' lang='lat' dir='ltr'>materia</span> <span class='ocrx_word' id='word_1_435' title='bbox 1054 2801 1088 2829; x_wconf 84' lang='lat' dir='ltr'>et</span> <span class='ocrx_word' id='word_1_436' title='bbox 1104 2799 1244 2839; x_wconf 84' lang='lat' dir='ltr'>forma.</span> 
     </span>
    </p>
   </div>
  </div>
 </body>
</html>
