2056 3234
218 189 290 233 148

231 310 322 339 Since
345 309 412 337 (jod
435 309 460 336 is

214 346 382 380 formosus
401 344 460 370 and

208 380 374 415 speciosus,
396 379 432 405 he
453 378 478 404 is

265 415 344 441 form
366 413 425 440 and

285 449 414 483 specics.

242 658 336 685 Form
357 656 383 684 is
403 656 452 683 the

214 692 399 727 completion
421 691 454 717 of
472 698 487 716 a

214 729 299 762 thing
313 727 362 760 (cf.
376 725 487 753 Plato’s

220 763 358 790 doctrine
379 761 413 788 of
429 760 478 786 tlte

223 798 302 831 soul)
325 796 383 823 and
406 794 473 822 God

256 833 281 859 is
302 831 441 858 absolute

229 867 464 901 completeuess.

281 1006 416 1033 Various

245 1041 405 1075 meanings
425 1039 460 1066 of

294 1074 410 1102 ‘Form'

244 1109 410 1144 according
432 1113 462 1135 to

249 1146 455 1172 Grossetestc.

214 1298 235 1324 Ι.
259 1297 302 1323 As
323 1295 424 1323 model
445 1303 481 1321 or

285 1335 416 1366 patrem.

236 1816 271 1843 H.
294 1816 338 1842 As
360 1814 478 1841 mould.

942 192 1165 224 JOHANNIS
1190 192 1358 223 WlCLIF
1619 189 1708 217 CAP.
1729 189 1812 216 XVI.

558 303 669 345 Item5
705 299 793 347 quis
826 311 907 335 non
946 299 1184 334 concederet
1221 300 1345 334 Deum
1386 299 1607 334 formosum
1654 307 1690 334 et
1728 311 1813 346 spe-

500 358 652 395 ciosum
688 370 782 399 esse,
820 369 912 404 ergo
945 356 1028 404 ipse
1062 357 1190 392 forma
1223 364 1260 391 et
1293 356 1444 403 species
1474 365 1544 402 est,
1579 368 1668 391 cum
1693 355 1815 391 nichil

500 416 551 452 sit
583 417 623 452 in
655 415 742 463 ipso
775 414 998 450 formaliter
1030 423 1066 450 et
1099 426 1169 462 per
1201 426 1255 460 se,
1279 415 1387 462 quod
1411 414 1494 461 ipse
1518 426 1599 450 non
1622 413 1690 458 sit;
1714 413 1815 449 sicut

501 487 593 523 ergo
628 482 684 510 est
717 472 888 518 iusticia,
928 485 1007 520 qua
1047 481 1103 508 est
1141 471 1279 517 iustus,
1323 484 1368 508 eo
1401 471 1488 520 ipso
1528 472 1636 520 quod
1675 471 1815 517 iustus,

501 532 556 568 sic
580 541 637 568 est
659 530 888 567 formositas
907 538 943 565 et
962 529 1208 577 speciositas,
1234 543 1280 565 eo
1302 529 1389 577 ipso
1407 531 1513 578 quod
1537 538 1595 565 est
1618 529 1816 565 formosus
1835 533 1850 565 5

503 599 539 626 et
572 589 788 637 speciosus.

562 649 659 683 Item
692 647 824 682 forma
855 645 1014 682 nonnisi
1061 645 1282 693 complecio
1322 645 1377 681 rei
1411 655 1447 681 et
1481 645 1564 682 eius
1596 644 1816 693 perfeccio;

502 707 569 742 sed
604 708 708 741 Deus
743 713 799 740 est
832 703 1055 752 complecio
1087 703 1413 751 incomplctibilis
1447 712 1483 739 et
1515 703 1713 751 perfeccio
1745 702 1818 738 im-

502 762 775 811 perfectibilis,
810 774 903 810 ergo
936 774 1006 810 per
1038 761 1143 797 idem
1178 770 1234 797 est
1262 761 1391 797 forma
1413 761 1691 807 informabilis,
1726 761 1818 809 quia

502 821 660 870 penitus
683 820 768 856 sine
784 820 939 856 defectu
962 819 1239 865 immutabilis,
1264 829 1300 855 et
1323 819 1485 856 indubie
1510 819 1582 855 iste
1596 819 1819 867 posiciones
1840 834 1878 855 10

504 878 720 915 efficaciter
736 879 981 914 concludunt
1005 886 1100 925 aput
1123 877 1326 914 racionem
1346 878 1546 926 sapientes
1561 879 1609 913 de
1624 877 1820 925 quiditate

505 937 644 981 forme,
680 938 800 972 modo
834 949 914 984 quo
947 944 1099 972 tactum
1134 945 1191 972 est
1223 944 1396 972 tractatu
1429 937 1476 971 de
1509 935 1749 972 substancia.
1779 934 1783 988 Ι
1837 939 1955 972 F.225

565 996 678 1031 Unde
694 1007 765 1042 pro
780 993 971 1030 ulteriore
995 993 1274 1030 declaracione
1298 994 1352 1030 sic
1376 993 1512 1030 scribit
1530 993 1821 1030 Lincolniensis

507 1052 674 1089 ibidem:
711 1054 790 1088 “Ut
821 1060 953 1088 autem
989 1052 1196 1095 clarescat,
1232 1054 1438 1099 quomodo
1462 1054 1567 1088 Deus
1601 1060 1659 1088 est
1692 1052 1821 1088 forma

508 1119 799 1153 creaturarum,
834 1123 924 1145 cum
949 1122 1027 1145 non
1053 1109 1101 1145 sit
1126 1122 1217 1157 pars
1242 1122 1378 1145 earum
1404 1109 1686 1146 substancialis
1711 1122 1820 1146 eom-
1841 1113 1877 1145 13

508 1168 666 1217 pletiva‚
701 1167 1021 1216 significaciones
1057 1167 1171 1203 huius
1204 1168 1379 1204 nominis
1414 1168 1599 1204 “forma''
1636 1176 1728 1204 sunt
1752 1167 1821 1204 ali-

507 1226 680 1275 qualiter
712 1226 989 1273 exemplande.

565 1284 721 1320 Dicitur
750 1284 854 1320 enim
886 1284 1015 1320 forma
1045 1283 1260 1331 exemplar,
1294 1285 1343 1320 ad
1368 1284 1476 1331 quod
1500 1283 1661 1331 respicit
1684 1282 1824 1319 artifex

506 1351 629 1387 sutor,
664 1351 706 1378 ut
729 1343 950 1378 secundum
975 1341 1106 1389 ipsum
1139 1341 1284 1377 formet
1317 1342 1488 1386 soleam;
1523 1341 1669 1377 dicitur
1691 1341 1822 1377 forma

506 1401 627 1445 solee,
674 1409 711 1437 et
743 1400 912 1437 sic'vita
958 1401 1173 1444 bonorum,
1220 1408 1262 1435 ut
1295 1401 1345 1436 ad
1386 1399 1469 1436 eius
1513 1399 1818 1435 similitudinem
1839 1414 1880 1435 20

508 1471 638 1495 mores
671 1467 832 1495 nostros
866 1459 1099 1499 formemus,
1135 1457 1281 1494 dicitur
1314 1457 1429 1494 nobis
1462 1458 1592 1494 forma
1620 1457 1820 1494 vivendi.’'

507 1518 651 1553 “Unde
705 1529 794 1552 cum
842 1516 980 1553 artifex
1034 1517 1153 1552 habet
1198 1515 1237 1551 in
1282 1516 1417 1552 anima
1463 1528 1534 1552 sua
1578 1514 1820 1552 artificiendi

506 1573 827 1620 similitudinem,
875 1573 1197 1622 respiciendique
1231 1575 1280 1609 ad
1313 1574 1426 1620 illud,
1473 1575 1581 1622 quod
1615 1574 1655 1610 in
1689 1582 1821 1610 mente

506 1632 619 1680 gerit,
664 1632 814 1668 format
853 1634 901 1668 ad
949 1632 1030 1668 eius
1075 1631 1380 1668 similitudinem
1427 1644 1543 1667 suum
1590 1631 1820 1677 artificium,

507 1690 593 1738 ipsa
627 1690 787 1726 artificii
820 1690 1042 1726 similitudo
1068 1690 1108 1726 in
1133 1698 1265 1726 mente
1298 1689 1468 1726 artificis
1501 1690 1632 1727 forma
1656 1689 1821 1726 artificis
1839 1693 1878 1726 25

511 1747 700 1784 dicitur.'‘

568 1807 754 1842 Secundo
790 1807 910 1842 modo
944 1806 1090 1842 dicitur
1124 1806 1284 1842 “forma
1315 1806 1530 1854 exemplar,
1565 1805 1627 1841 cui
1653 1804 1822 1841 materia

509 1864 722 1900 formanda
755 1864 995 1912 applicatur,
1030 1873 1066 1900 et
1099 1876 1170 1912 per
1203 1863 1524 1912 applicacionem
1559 1865 1609 1899 ad
1642 1863 1740 1899 illud
1765 1875 1823 1899 re—

510 1921 632 1969 cipiat
657 1922 825 1958 materia
850 1922 1022 1958 formam
1047 1921 1321 1970 ymitatoriam
1348 1921 1467 1968 illius,
1493 1921 1555 1958 cui
1579 1921 1821 1969 applicatur,

509 1979 610 2015 sicut
656 1979 802 2016 dicitur
847 1982 894 2016 de
940 1980 1081 2028 sigillo,
1128 1981 1235 2028 quod
1281 1979 1412 2028 ipsum
1459 1989 1517 2015 est
1561 1980 1690 2016 forma
1735 1991 1823 2015 cere
1841 1985 1882 2017 30

508 2195 532 2222 R
556 2160 712 2222 ΖἺιοὶβοεί.
724 2170 734 2186 .·
756 2150 859 2196 ρᾶἶῐυε
881 2160 945 2188 sine
961 2160 1100 2188 deffectu.
1175 2168 1218 2187 22.
1235 2160 1426 2194 artificiendi]
1443 2160 1563 2187 artificii
1577 2159 1708 2187 faciendi
1724 2163 1825 2187 textus

535 2204 552 2222 O
574 2204 609 2223 er
625 2203 724 2222 mnus.

584 2305 632 2337 13.
670 2304 722 2345 Cf.
755 2303 838 2336 ibid.
868 2303 924 2335 ubi
949 2313 1058 2345 supra
1092 2302 1177 2346 (Ed.
1204 2312 1232 2335 c.
1254 2313 1341 2345 pag.
1369 2303 1427 2343 4).·
1470 2302 1514 2334 Ut
1545 2307 1664 2334 autem
1705 2302 1823 2342 aliquo

512 2351 616 2382 modo
654 2352 842 2388 clarescat,
881 2351 1056 2391 quomodo
1095 2353 1168 2392 ipse
1202 2352 1248 2381 siz*
1277 2351 1407 2392 forma
1445 2354 1697 2381 creaturarum
1737 2348 1823 2390 (non

510 2398 599 2428 enim
621 2397 670 2428 sic
687 2401 738 2429 est
758 2406 881 2428 earum
898 2396 1041 2437 forma,
1069 2397 1164 2428 velut
1183 2406 1277 2438 pars
1304 2406 1427 2428 earum
1457 2396 1705 2427 substantialis
1730 2405 1825 2427 com-

505 2444 655 2484 pletiva,
683 2453 730 2476 ex
755 2453 824 2484 qua
851 2448 884 2475 et
911 2443 1065 2474 materia
1082 2443 1131 2484 fit
1157 2443 1292 2482 aliquid
1318 2442 1456 2483 unum),
1481 2442 1762 2485 significationes
1781 2459 1825 2464 ——

511 2490 733 2529 aliquatenus
773 2494 855 2521 sunt
897 2489 1150 2530 explicandae.
1194 2489 1338 2520 D1'c1'tur
1381 2489 1502 2529 itaque
1530 2489 1661 2530 forma
1704 2497 1823 2520 exem-

505 2537 596 2578 plar-
622 2559 657 2569 ..
677 2562 684 2569 .
704 2559 712 2567 .
739 2540 804 2568 etc.
835 2536 935 2574 Quae
962 2535 1044 2567 inde
1071 2545 1176 2576 usque
1202 2535 1251 2566 ad
1277 2536 1350 2566 Hec
1377 2534 1422 2565 ibi
1456 2539 1650 2575 sequuntur
1676 2535 1725 2565 ad
1750 2544 1826 2566 sen-

511 2592 586 2614 sum
622 2592 643 2612 a
679 2583 833 2614 Roberto
868 2584 1090 2614 Grosseteste
1128 2582 1330 2623 expositum
1368 2582 1597 2622 conformata
1636 2586 1727 2620 sunt,
1765 2581 1826 2612 sed

513 2629 643 2659 mirum
676 2629 709 2660 in
745 2629 886 2660 modum
922 2638 1092 2660 conversa
1125 2633 1232 2668 atque
1264 2629 1476 2667 immutata,·
1513 2629 1606 2659 velut
1632 2628 1827 2660 sententia.-

512 2675 613 2706 Unde
639 2685 718 2705 cum
745 2693 787 2698 -——
815 2673 953 2705 artificis
981 2674 1105 2705 dicitur
1129 2675 1162 2706 in
1191 2678 1293 2706 textu
1321 2674 1543 2706 Robertiano
1577 2674 1683 2706 verba
1717 2673 1826 2704 forma

514 2722 691 2762 exemplar
717 2740 758 2743 —
787 2721 899 2752 forma
937 2727 1069 2751 statuae
1108 2721 1254 2762 excipit,
1298 2730 1365 2752 non
1405 2725 1489 2752 ante
1520 2721 1642 2762 posita
1679 2720 1826 2762 legitur;

515 2769 648 2807 reliqua
676 2772 794 2799 autem
824 2778 890 2799 non
920 2768 1024 2799 modo
1052 2777 1118 2798 non
1147 2769 1368 2804 verbotenus,
1395 2767 1456 2798 sed
1483 2776 1524 2798 ne
1549 2776 1596 2798 ex
1622 2776 1724 2799 sensu
1753 2766 1826 2805 qui-

514 2815 591 2845 dem
620 2819 702 2855 apte
728 2814 868 2845 reddita
894 2818 986 2846 sunt.
