2056 3234
378 735 633 788 CAPUT
668 736 960 790 NONUM
997 737 1388 791 DECIMUM.

90 881 206 915 F.233
283 878 542 926 Consequens
576 886 633 914 est
665 877 812 924 videre,
857 891 977 927 quam
1013 887 1171 916 extense
1203 879 1253 916 sit
1285 880 1530 928 loquendum
1567 892 1811 932 On-succession

224 936 272 971 de
304 945 485 984 tempore
517 948 596 984 quo
630 937 678 972 ad
711 936 1020 984 successionem,
1060 937 1154 986 quia
1186 950 1279 986 sepe
1311 951 1532 987 presuppo-
1565 930 1807 993 Itilsnsiiffiet'lmt

223 992 343 1029 situm
378 1002 449 1040 est,
483 994 589 1042 quod
631 995 757 1030 multa
796 1003 887 1031 sunt
925 1003 1034 1032 extra
1078 995 1231 1032 instans
1275 1009 1450 1044 presens,
1496 1006 1533 1033 et
1564 998 1650 1038 What,
1668 1000 1768 1039 exists·
1783 1005 1813 1028 at

191 1054 293 1099 Sper
339 1063 587 1100 consequens
632 1051 783 1098 omnia,
829 1065 906 1101 que
951 1062 1066 1089 erunt
1116 1054 1176 1090 vel
1222 1054 1396 1101 fuerunt,
1441 1063 1534 1091 sunt
1554 1038 1817 1105 onessaegyiy-flsts

223 1109 263 1145 in
305 1118 488 1158 tempore
527 1122 612 1155 suo,
653 1122 742 1146 cum
781 1123 862 1146 non
900 1110 950 1147 sit
989 1110 1099 1147 racio
1132 1124 1256 1160 quare
1289 1111 1442 1160 aliquid
1475 1121 1533 1148 est

224 1175 331 1203 extra
371 1167 521 1203 instans
560 1180 738 1216 presens,
784 1168 881 1216 quin
918 1180 989 1217 per
1027 1169 1134 1205 idem
1169 1169 1378 1218 quidlibet,
1424 1171 1531 1218 quod

223 1224 297 1261 erit
329 1225 390 1262 vel
422 1225 508 1271 fuit,
548 1225 597 1262 sit
631 1225 759 1262 eciam
792 1234 901 1263 extra
933 1226 1086 1263 instans
1119 1229 1296 1275 presens,
1331 1240 1390 1274 eo,
1425 1229 1533 1276 quod

221 1295 293 1331 par
317 1282 426 1319 racio
450 1291 487 1319 et
510 1282 726 1320 difficultas
749 1283 798 1320 sit
821 1284 1048 1333 utrobique.
1083 1284 1219 1321 Primo
1239 1298 1330 1334 ergo
1354 1286 1535 1334 arguitur

168 1357 206 1378 10
221 1340 277 1377 sic
309 1342 359 1377 ad
391 1341 643 1389 probandam
679 1341 827 1379 dictam
861 1343 1121 1379 sentenciam.
1167 1345 1221 1379 Ex
1253 1344 1442 1392 opposito
1475 1356 1534 1381 se-

222 1398 370 1447 quitur,
416 1399 525 1447 quod
558 1411 690 1445 omne,
737 1401 845 1448 quod
878 1409 936 1437 est
969 1400 1081 1447 illud,
1121 1413 1281 1449 semper
1314 1410 1385 1449 est,
1425 1403 1533 1450 quod

223 1465 281 1493 est
318 1456 586 1505 impossibile3
633 1469 727 1506 ergo
772 1458 1025 1506 propositum
1070 1471 1222 1496 verum.
1267 1460 1531 1508 Assumptum

221 1522 332 1562 patet
365 1527 408 1551 ex
439 1514 643 1551 sentencia
676 1517 843 1552 adversa
876 1529 946 1565 per
979 1525 1234 1565 exponentes,
1268 1526 1310 1553 ut
1343 1517 1373 1553 si
1407 1519 1439 1554 A
1462 1517 1533 1554 ali-

222 1573 386 1621 quando
419 1581 491 1618 est,
532 1581 569 1609 et
602 1573 756 1610 nullum
791 1582 848 1610 est
880 1582 1039 1623 tempus
1071 1575 1131 1612 vel
1164 1575 1331 1621 instans,
1372 1575 1469 1624 quin
1500 1577 1532 1612 A

168 1636 315 1670 15tunc
362 1639 419 1667 est
451 1632 497 1677 A,
551 1632 659 1679 quod
704 1640 773 1668 est.
827 1632 902 1668 Hic
946 1642 1004 1669 est
1050 1633 1257 1681 multiplex
1310 1633 1530 1681 responsio.

223 1689 356 1725 Prima
389 1688 497 1735 dicit,
545 1690 652 1737 quod
684 1702 766 1726 non
800 1698 858 1726 est
896 1690 1084 1738 possibile
1123 1690 1392 1728 successivum
1433 1704 1530 1737 esse,

222 1755 260 1783 et
291 1747 347 1783 sic
380 1746 502 1783 nichil
535 1759 694 1795 semper
727 1756 796 1784 est.
837 1749 915 1784 Sed
949 1748 1043 1797 quia
1076 1748 1170 1785 alibi
1205 1749 1347 1786 diffuse
1379 1748 1530 1797 impro-

219 1806 312 1841 bata
345 1813 403 1841 est
436 1804 542 1841 dicta
576 1805 722 1850 evasio,
768 1805 857 1842 ideo
891 1818 1015 1843 renuo
1048 1806 1145 1842 illud
1180 1808 1300 1844 modo
1333 1815 1528 1855 tanquam

219 1861 500 1911 improbabile.
534 1864 719 1900 Secunda
741 1863 805 1900 via
829 1864 1014 1901 concedit
1038 1864 1387 1913 consequenciam,
1422 1866 1530 1913 quod

164 1919 249 1957 2osi
272 1920 426 1968 aliquid
459 1920 678 1970 aliquando
712 1930 769 1958 est
801 1922 913 1967 illud,
948 1935 1107 1971 semper
1132 1932 1189 1959 est
1222 1923 1331 1971 quod
1355 1922 1395 1959 in
1418 1922 1529 1959 omni

217 1987 418 2026 tem-pore3
452 1978 507 2016 sic
540 1978 645 2015 enim
679 1980 915 2017 conceditur
946 1992 1065 2017 omne
1097 1989 1255 2029 tempus
1279 1993 1376 2027 esse,
1401 1989 1437 2016 et
1460 1980 1527 2026 ita,

218 2048 307 2072 cum
333 2036 497 2073 duracio
531 2037 587 2073 rei
620 2038 811 2074 duratura
846 2051 927 2075 non
959 2037 1021 2084 sit,
1055 2037 1130 2074 nisi
1164 2051 1247 2075 rem
1282 2038 1349 2074 diu
1383 2039 1529 2075 durare

217 2094 278 2130 vel
310 2106 394 2131 esse
418 2094 457 2130 in
480 2095 678 2142 durando,
712 2096 897 2132 concedit
930 2105 1234 2145 consequenter,
1268 2097 1376 2145 quod
1409 2108 1529 2133 omne

216 2152 365 2189 durans
403 2152 605 2189 infinitum
640 2153 708 2189 diu
741 2154 871 2200 durat,
906 2153 999 2203 quia
1032 2166 1203 2202 semper,
1245 2162 1281 2190 et
1315 2153 1527 2191 cuiuslibet

161 2210 446 2247 25duraci0nis
479 2210 644 2247 duracio
678 2222 735 2247 est
766 2211 969 2248 infinitum
1003 2213 1208 2258 duratura,
1254 2211 1347 2260 quia
1380 2211 1526 2260 sempi-

215 2276 348 2314 terna3
379 2269 447 2305 sed
470 2268 568 2305 illud
590 2268 748 2305 videtur
770 2269 889 2306 nimis
912 2270 995 2306 leve
1019 2270 1170 2306 dictum
1194 2278 1360 2318 propter
1384 2270 1524 2306 multa.

273 2326 422 2372 Primo,
446 2326 540 2375 quia
563 2326 619 2363 sic
643 2326 853 2364 cuiuslibet
874 2327 1124 2376 temporanei
1150 2336 1232 2365 etas
1250 2328 1311 2364 vel
1334 2326 1522 2375 periodus
1556 2340 1605 2368 No
1626 2345 1802 2373 successim]

216 2392 318 2421 esset
350 2396 422 2432 par
455 2384 617 2421 cuilibet
649 2384 829 2433 periodo,
864 2384 958 2434 quia
993 2385 1168 2434 quelibet
1201 2385 1371 2429 infinita,
1408 2393 1445 2421 et
1468 2385 1523 2422 sic
1591 2376 1762 2442 Oifngssffeffs

215 2441 390 2490 quelibet
412 2454 472 2479 res
495 2455 735 2491 permanens
759 2451 860 2479 esset
892 2443 1091 2480 infinitum
1116 2456 1232 2480 senex
1254 2443 1315 2480 vel
1343 2442 1521 2491 antiqua,
1561 2491 1566 2495 ,
1600 2458 1749 2488 Answer:

160 2501 321 2548 30quod
360 2499 456 2537 satis
495 2500 735 2537 contradicit
778 2500 975 2549 scripture
1014 2501 1262 2538 mensuranti
1296 2509 1420 2537 etates
1454 2502 1522 2537 ho·
1537 2491 1562 2518 It
1577 2494 1814 2557 S‘}‚{¹{,¹1AE³ess'{⁰d⁵

215 2557 366 2594 minum
407 2566 445 2594 et
483 2558 720 2596 duraciones
765 2558 1051 2607 temporalium
1096 2560 1315 2595 secundum
1356 2559 1444 2606 plus
1483 2567 1521 2595 et
1612 2563 1739 2591 infinite.

215 2614 358 2651 minus.
393 2615 586 2652 Similiter
609 2628 678 2665 per
710 2616 815 2652 idem
850 2616 1043 2665 sequitur,
1078 2617 1185 2665 quod
1219 2629 1339 2653 omne
1361 2625 1521 2665 tempus

213 2673 274 2710 vel
305 2672 469 2722 aliquod
508 2674 773 2711 successivum
815 2683 916 2710 esset
954 2673 1152 2711 infinitum
1189 2674 1439 2719 diuturnum,
1486 2683 1522 2710 et

215 2742 285 2778 per
319 2743 579 2780 consequens,
626 2745 715 2768 cum
757 2741 915 2780 tempus
948 2744 1028 2768 non
1061 2733 1180 2768 habet
1213 2732 1332 2768 aliam
1369 2731 1522 2779 magni-

158 2791 197 2824 35
216 2787 411 2833 tudinem,
445 2801 564 2825 omne
598 2798 755 2837 tempus
788 2790 889 2826 foret
921 2789 1122 2826 infinitum
1158 2803 1362 2838 magnum,
1398 2797 1435 2824 et
1467 2788 1522 2825 sic

1324 2855 1389 2887 ἵζ’*
