2056 3234
222 182 272 217 66
951 185 1174 217 JOHANNIS
1199 186 1367 217 WICLIF
1648 184 1737 211 CAP.
1753 183 1818 211 vn.

508 304 581 339 pro
625 299 861 339 aggregat03
909 299 947 326 et
990 291 1107 327 istam
1152 291 1398 327 sentenciam
1445 291 1708 340 (Augustinus
1753 293 1819 328 ubi

508 351 645 397 supra)
680 349 855 385 inculcat
877 348 1089 384 Anselmus
1113 348 1374 397 Monologion
1409 349 1510 388 2510.
1543 351 1624 386 Nec
1657 350 1820 398 mirum,

508 406 539 442 si
562 406 659 443 talia
682 406 885 455 accipiunt
907 414 1067 442 autores
1090 406 1223 443 taliter
1246 406 1449 455 equivoce‚
1473 419 1563 443 cum
1589 407 1820 444 Aristoteles

508 464 684 512 capitulo
723 466 770 501 de
804 465 881 501 “ad
915 464 1094 512 aliquid”
1128 464 1169 500 in
1201 464 1512 512 predicamentis
1546 474 1583 501 et
1620 467 1662 501 50
1696 468 1821 502 Meta-

507 522 660 571 phisice
694 526 739 558 20
763 521 909 570 accipit
941 521 1156 558 scienciam
1188 535 1296 559 nunc
1328 535 1401 571 pro
1435 523 1613 567 relativo,
1646 532 1683 560 et
1715 529 1852 562 nunes

507 593 581 628 pro
629 580 834 629 qualitate,
889 588 926 616 et
971 579 1026 616 ita
1073 581 1121 616 de
1168 580 1255 617 aliis
1304 580 1542 630 aggregatis,
1593 594 1669 630 que
1715 594 1822 618 nunc

508 638 761 686 accipiuntur
804 651 878 686 pro
922 650 963 674 re
1007 637 1126 674 unius
1169 638 1475 686 predicamenti,
1522 652 1628 675 nunc
1668 652 1741 687 pro
1781 652 1822 676 re

508 695 671 732 alterius
704 695 1008 745 predicamenti,
1041 704 1084 732 ut
1116 705 1226 744 patet
1260 698 1308 732 de
1340 696 1556 744 asperitate
1590 705 1627 733 et
1658 697 1821 734 lenitate

509 763 547 791 et
584 754 782 803 quotlibet
820 753 1030 790 similibus.
1079 754 1144 791 Sic
1183 753 1311 790 eciam
1346 754 1504 791 videtur
1536 754 1671 801 michi,
1713 757 1822 804 quod

507 811 728 860 paternitas
772 812 876 849 ultra
915 812 1143 860 potenciam
1190 813 1415 849 naturalem
1462 813 1680 861 generandi
1726 813 1822 849 dicit

508 879 642 907 actum
674 870 800 918 patris
832 870 1059 918 generantis
1092 879 1129 907 et
1152 870 1379 918 passionem
1414 870 1485 907 filii
1517 870 1696 919 generati
1730 883 1821 907 cum

508 928 790 965 conveniencia
822 928 1024 976 specifica.
1059 929 1229 977 Oportet
1262 928 1367 965 enim
1398 928 1704 976 generacionem
1739 941 1823 965 esse

507 986 736 1034 univocam,
782 985 823 1022 in
855 999 934 1035 qua
966 986 1156 1023 fundetur
1194 986 1427 1034 paternitas,
1475 995 1513 1024 et
1552 987 1607 1024 sic
1640 1000 1721 1023 non
1766 995 1824 1023 est

508 1057 608 1092 pura
640 1044 802 1093 relacio,
842 1045 910 1080 sed
943 1053 1204 1092 aggregatum
1239 1057 1283 1081 ex
1315 1044 1463 1091 multis,
1499 1054 1535 1081 et
1568 1045 1623 1082 ita
1657 1053 1835 1090 utuntur-

508 1102 669 1150 poletici
702 1101 787 1138 istis
819 1101 1000 1138 terminis
1034 1102 1235 1153 dominus,
1273 1114 1422 1139 servus.

234 1169 413 1205 Digression
435 1178 473 1197 on
565 1162 667 1196 Nam
700 1159 805 1197 inter
827 1162 956 1196 Deum
990 1169 1027 1196 et
1060 1161 1281 1208 quamlibet
1310 1169 1536 1197 creaturam
1570 1170 1662 1197 sunt
1695 1160 1823 1197 domi-

265 1205 443 1275 dff‘ssssffissj
507 1217 617 1254 nium
638 1227 674 1254 et
690 1218 858 1255 servitus
881 1218 1101 1255 relaciones
1124 1218 1309 1265 racionis,
1326 1231 1402 1267 que
1426 1231 1472 1255 eo
1490 1219 1577 1267 ipso
1601 1227 1821 1267 ponuntur,

507 1289 587 1324 quo
626 1285 802 1313 extrema
841 1285 933 1312 sunt
971 1276 1115 1324 posita,
1162 1289 1252 1313 cum
1293 1285 1454 1325 oportet
1492 1289 1653 1313 omnem
1697 1277 1824 1313 racio-

506 1335 636 1370 nalem
672 1343 897 1371 creaturam
930 1334 1076 1371 servire
1110 1336 1206 1379 Deo,
1239 1335 1300 1371 vel
1333 1336 1490 1382 agendo
1523 1343 1565 1370 ut
1599 1336 1728 1381 debet,
1763 1335 1824 1371 vel

581 1507 832 1549 1.Augustinus
850 1507 908 1538 ubi
924 1517 1040 1549 supra.
1053 1507 1273 1552 Cf.pag.65,
1286 1508 1414 1540 notati
1429 1508 1489 1540 lin.
1501 1509 1523 1539 4
1538 1531 1546 1539 .
1562 1531 1570 1539 .
1586 1531 1594 1539 .
1609 1512 1642 1540 et
1655 1509 1823 1550 scriptum

507 1559 558 1587 est
585 1555 627 1586 de
653 1555 721 1594 illo,
749 1554 835 1595 (scil.
861 1554 990 1595 spiritu
1022 1553 1159 1596 sancto)
1195 1555 1288 1596 quod
1319 1559 1498 1596 operetur,
1525 1559 1559 1586 et
1585 1554 1618 1586 in
1646 1564 1681 1587 se
1709 1556 1825 1596 utique

507 1610 659 1633 manens
684 1605 878 1643 operatur-‚-
910 1610 980 1632 non
1005 1601 1095 1633 enim
1128 1601 1162 1632 in
1188 1601 1325 1644 aliquid
1353 1611 1488 1641 eorum,
1524 1610 1615 1643 quae
1642 1605 1837 1642 operatur-‚4

506 1648 580 1689 ipse
606 1651 769 1679 mutatur
794 1647 847 1679 vel
871 1648 1034 1679 vertitur.
1131 1656 1161 1678 2.
1183 1647 1237 1689 Cf.
1256 1647 1412 1679 Anselm.
1430 1648 1610 1689 Monolog.
1631 1646 1671 1679 25
1693 1647 1826 1689 (Migne

509 1694 665 1727 CLVIII
686 1694 784 1734 178).
826 1692 991 1725 Omnium
1025 1694 1150 1736 quippe
1182 1702 1269 1734 quae
1303 1694 1500 1726 accidentia
1536 1694 1716 1732 dicuntur,
1749 1694 1824 1725 alia

506 1750 573 1772 non
613 1740 681 1772 nisi
719 1750 796 1772 cum
836 1739 959 1782 aliqua
978 1740 1237 1782 participantis
1263 1740 1467 1772 variatione
1493 1741 1621 1772 adesse
1646 1744 1679 1772 et
1705 1741 1826 1772 abesse

500 1796 607 1829 posse
634 1786 895 1828 intelliguntur,
929 1790 967 1817 ut
998 1796 1119 1818 omnes
1152 1787 1296 1824 colores,
1331 1786 1406 1818 alia
1439 1787 1583 1818 omnino
1611 1787 1744 1818 nullam
1772 1786 1826 1818 vel

507 1833 701 1865 accidendo
719 1834 773 1865 vel
799 1832 994 1865 recedendo
1022 1833 1256 1865 mutationem
1283 1833 1379 1865 circa
1407 1833 1455 1872 id,
1482 1833 1525 1866 a'e
1551 1842 1617 1875 quo
1643 1832 1825 1872 dicuntur,

506 1879 648 1921 efficere
673 1883 876 1919 noscuntur,
903 1883 940 1910 ut
959 1879 1134 1921 quaedam
1155 1879 1352 1911 relationes.
1382 1879 1532 1911 Constat
1552 1888 1714 1921 namque,
1741 1878 1822 1921 quia

506 1925 638 1957 homini
658 1930 742 1967 post
759 1935 892 1957 annum
905 1930 1134 1968 praesentem
1155 1925 1349 1965 nascituro,
1376 1935 1438 1958 nec
1457 1925 1583 1965 maior,
1612 1935 1675 1957 nec
1696 1925 1824 1964 minor,

507 1981 570 2004 nec
607 1972 767 2014 aequalis
799 1971 876 2011 sim,
915 1981 977 2004 nec
1008 1972 1154 2004 similis:
1196 1971 1325 2004 Omnes
1363 1977 1481 2004 autem
1522 1972 1714 2004 relationes
1749 1972 1824 2011 has,

506 2019 627 2060 utique
665 2028 741 2050 cum
775 2022 881 2050 natus
903 2018 1031 2059 fuerit,
1063 2019 1138 2050 sine
1169 2018 1266 2050 omni
1302 2019 1370 2051 mei
1404 2018 1615 2059 mutatione,
1648 2018 1697 2049 ad
1727 2018 1824 2049 illum

507 2065 637 2097 habere
649 2069 777 2105 potero
797 2069 831 2096 et
848 2065 1024 2103 amittere,
1050 2064 1239 2096 secundum
1267 2064 1361 2106 quod
1386 2069 1531 2104 crescet,
1557 2066 1610 2096 vel
1621 2073 1692 2106 per
1710 2064 1823 2107 quali-

506 2115 597 2143 tates
629 2111 790 2143 diversas
823 2111 1028 2143 mutabitur.
1067 2111 1193 2143 Palam
1230 2112 1350 2151 itaque
1364 2112 1424 2152 fit,
1457 2112 1540 2154 quia
1566 2121 1702 2150 eorum,
1735 2120 1826 2152 quae

506 2157 708 2189 accidentia
729 2157 907 2197 dicuntur,
935 2157 1110 2200 quaedam
1130 2158 1356 2200 aliquatenus
1374 2158 1566 2190 attrahant
1590 2157 1825 2189 cummutabi-

507 2203 656 2241 litatem,
671 2203 846 2243 quaedam
863 2213 946 2236 vero
965 2204 1167 2236 nullatenus
1184 2204 1396 2236 subtrahant
1416 2203 1824 2236 incommutabih'Qatem

530 2250 620 2292 .Cs.
647 2250 749 2281 Arist.
778 2249 895 2292 Categ.
914 2251 945 2281 V
973 2248 1060 2291 [VII]
1082 2260 1098 2281 2
1127 2250 1220 2305 (Ed.
1239 2250 1357 2284 Paris.
1386 2251 1405 2282 I
1427 2252 1459 2290 O,
1484 2251 1535 2282 28
1560 2250 1630 2291 ss..)
1656 2248 1763 2280 ’Ἐστι
1787 2247 1827 2280 δὲ

505 2293 565 2326 καὶ
596 2293 641 2326 τὰ
674 2297 825 2327 τοιαῦτα
861 2298 936 2327 τῶν
972 2293 1063 2337 πρός
1099 2307 1142 2335 τι,
1182 2291 1261 2328 οἷον
1299 2293 1381 2335 ἕξις,
1420 2295 1598 2337 διάθεσις,
1636 2293 1820 2337 αἴσθησις,

506 2338 707 2395 ἐπιστήμη,
730 2340 850 2379 θέσις·
893 2341 1023 2374 Πάντα
1060 2340 1127 2385 γὰρ
1166 2341 1209 2374 τὰ
1248 2340 1418 2385 εἰρημένα
1450 2341 1555 2383 αὐτὰ,
1594 2340 1685 2384 α’περ
1717 2338 1824 2380 ἐστιν,

506 2384 640 2430 ἑτέρων
674 2387 767 2420 εἰναι
796 2387 944 2430 λέγεται,
981 2386 1042 2420 καὶ
1068 2387 1134 2420 οὐκ
1160 2386 1241 2420 ἄλλο’
1268 2400 1317 2420 τι·
1356 2400 1377 2431 η
1409 2387 1475 2431 γὰρ
1509 2386 1592 2430 ἕξις,
1624 2385 1722 2425 τινὸς
1754 2385 1826 2427 ἕξις

506 2433 644 2475 λέγεται
667 2432 727 2466 καὶ
751 2433 774 2476 ἡ
799 2431 989 2488 ἐπιστήμη,
1014 2431 1112 2472 τινὸς
1136 2431 1339 2477 ἐπιστήμη.
1388 2460 1394 2466 .
1415 2460 1422 2466 .
1451 2441 1485 2467 et
1506 2440 1632 2475 postea
1658 2439 1739 2467 sect.
1759 2436 1824 2466 17

508 2479 585 2512 Οὐκ
610 2477 668 2512 ἐπὶ
693 2479 843 2513 πάντων
867 2479 907 2513 δὲ
932 2479 998 2523 τὴν
1022 2479 1113 2524 πρός
1137 2492 1171 2512 τι
1196 2479 1331 2523 ἀληθὲς
1355 2480 1456 2513 δοκεῖ
1480 2479 1520 2513 τὸ
1547 2479 1622 2523 α’μα
1646 2482 1688 2523 τῇ
1716 2479 1824 2526 φύσει

507 2521 615 2558 εἶναι·
643 2523 684 2558 τὸ
709 2525 776 2570 γὰρ
784 2524 986 2580 ἐπιστητὸν
1002 2525 1179 2581 πρότερον
1196 2525 1242 2559 ἂν
1258 2525 1374 2567 δόξειε
1399 2531 1462 2570 τῆς
1486 2524 1688 2569 ἐπιστήμης
1714 2526 1822 2558 εἰναι·

508 2572 558 2610 ὡς
581 2571 647 2615 γὰρ
673 2569 732 2604 ἐπι
756 2570 798 2605 τὸ
822 2571 925 2616 πολυ,
956 2571 1264 2617 προϋπαρχόντων
1294 2577 1369 2605 τῶν
1399 2572 1622 2616 πραγμάτων
1652 2571 1716 2610 τὰς
1747 2569 1823 2603 ἑπι-

507 2618 644 2661 στήμας
666 2618 904 2662 λαμβάνομεν.
939 2621 994 2662 Cf.
1019 2621 1123 2652 Arist.
1149 2621 1229 2652 Met.
1256 2621 1301 2652 IV
1332 2621 1382 2661 15,
1408 2631 1428 2657 o
1456 2620 1537 2661 (Ed.
1564 2620 1648 2651 Par.
1678 2620 1715 2650 II
1738 2621 1822 2658 527,

510 2667 558 2698 ⁹2
583 2666 655 2707 ss).
685 2664 742 2697 T&
767 2664 833 2708 μὲν
857 2663 924 2699 οὖν
948 2666 1033 2698 καθ’
1059 2663 1170 2698 ἑαυτὰ
1195 2664 1367 2714 λεγόμενα
1391 2664 1482 2708 πρός
1507 2677 1541 2697 τι
1565 2677 1609 2697 τα
1634 2662 1700 2720 μὲν
1724 2664 1820 2697 οὕτω

507 2711 655 2753 λέγεται,
692 2710 736 2744 τὰ
768 2711 808 2744 δὲ
840 2725 885 2745 αν
915 2724 959 2744 τα
990 2712 1074 2755 γένη
1106 2711 1229 2744 αὐτῶν
1264 2714 1288 2757 ή
1321 2715 1483 2752 τοιαῦτα,
1514 2707 1594 2744 οιον
1625 2710 1658 2758 ἡ
1680 2708 1822 2753 ιατρικὴ

507 2760 581 2789 τῶν
611 2756 702 2800 πρός
732 2770 765 2790 τι
798 2755 854 2791 ὅτι
883 2759 923 2792 τὸ
955 2758 1058 2800 γένος
1088 2758 1200 2802 αὐτῆς
1230 2756 1252 2801 ἡ
1284 2756 1460 2801 ἐπιστήμη
1494 2757 1595 2790 δοκεῖ
1624 2757 1717 2790 εἰναι
1748 2759 1822 2789 τῶν

507 2802 599 2846 πρός
623 2815 667 2836 τι
