2056 3234
256 179 331 213 194

343 403 425 430 Each

280 437 485 473 proportiona

301 478 369 508 part
390 476 472 499 must

322 509 449 535 become

261 544 413 578 complete
433 550 466 569 as
487 542 509 569 it

257 578 381 605 reaches
401 577 442 604 its
462 577 520 604 due

344 611 440 648 point.

276 2559 303 2585 A
323 2557 516 2597 ‘successive'

266 2598 378 2632 cannot
398 2597 475 2619 exist
495 2600 524 2619 ιη

294 2637 351 2655 one
372 2632 498 2661 mstaut,

981 172 1205 203 JOHANNIS
1230 171 1398 203 WICLIF
1674 168 1763 197 CAP.
1785 168 1850 196 XX.

538 291 634 317 tunc
673 280 801 315 solum
843 287 948 325 sunt,
995 287 1031 315 et
1064 280 1159 314 dum
1199 288 1290 315 sunt
1329 279 1444 324 facte,
1490 288 1585 315 tunc
1624 292 1705 315 non
1744 287 1849 323 sunt,

538 339 608 375 sed
642 338 753 385 lapse
788 345 878 371 sunt
912 337 1111 384 complete
1143 336 1184 372 in
1216 336 1467 384 preteritum.

595 398 677 432 Nec
724 402 781 430 est
829 393 938 429 racio
983 393 1191 441 signanda,
1241 407 1364 443 quare
1396 396 1429 430 A
1462 394 1608 431 mobile
1654 394 1851 430 movendo

539 455 665 502 gradu
688 461 730 488 ut
762 460 950 500 quatuor,
984 452 1242 499 pertransibit
1276 453 1473 500 complete
1505 465 1621 488 suum
1656 451 1851 500 spacium,

541 524 660 560 super
698 510 806 558 quod
838 509 879 545 in
913 509 990 545 fine
1023 509 1221 558 pausabit,
1267 510 1363 559 quin
1395 522 1466 558 per
1498 510 1603 546 idern
1638 512 1666 546 B
1700 508 1885 557 precise5

542 581 643 619 eque
674 567 864 605 velociter
888 579 910 603 a
934 570 1133 604 movendo
1166 580 1236 616 per
1268 568 1374 605 idem
1407 577 1567 616 tempus
1600 567 1654 604 eis
1688 566 1852 615 paribus

542 625 802 677 pertransibit
854 625 1053 673 complete
1103 635 1232 663 totum
1280 625 1475 674 spacium,
1528 639 1609 662 non
1653 627 1852 671 obstante,

541 687 649 735 quod
693 683 871 720 continet
914 684 1080 720 ulterius
1126 693 1278 721 motum
1326 697 1456 730 suum,
1502 692 1602 730 turn,
1648 683 1743 732 quia
1781 695 1854 730 pro

542 744 720 793 quolibet
758 740 762 794 1
797 740 962 777 instanti
995 755 1075 790 quo
1109 742 1259 790 aliquid
1293 751 1350 779 est
1383 743 1603 778 secundum
1638 754 1678 777 se
1710 745 1992 787 toturn‚F.237

541 803 691 839 factum
746 808 803 836 est
857 799 1125 837 determinate
1170 813 1308 837 verum
1362 801 1470 848 quod
1521 800 1652 848 ipsum
1698 807 1756 835 est
1800 798 1914 834 sic1o

541 861 706 904 facturn,
741 867 777 894 et
810 869 881 905 per
913 869 1161 906 consequens
1194 871 1276 895 non
1299 859 1498 906 dependet
1520 871 1541 894 a
1565 858 1713 904 futuro,
1747 858 1856 905 quod

540 918 671 966 ipsum
707 924 764 952 est
797 915 997 963 complete
1029 916 1195 963 factum,
1239 925 1323 953 turn
1365 915 1507 962 eciam,
1553 916 1648 964 quia
1687 927 1857 963 propor-

541 975 750 1012 cionaliter
781 982 824 1010 ut
856 981 984 1010 totum
1010 983 1068 1011 est
1091 975 1289 1022 complete
1312 975 1462 1011 factum
1487 974 1527 1010 in
1550 982 1635 1010 toto
1659 982 1855 1021 tempore,

541 1035 597 1070 sic
630 1032 806 1082 quelibet
838 1032 1162 1079 proporcionalis
1196 1046 1288 1080 pars
1322 1041 1379 1069 est
1424 1033 1623 1080 complete
1668 1032 1773 1067 facta
1817 1030 1856 1066 in

541 1089 872 1139 correspondenti
896 1099 1009 1137 parte
1031 1090 1238 1140 temporis.
1263 1089 1457 1128 Similiter
1479 1091 1679 1137 ponendo,
1700 1090 1808 1137 quod
1823 1089 1856 1124 A
1877 1092 1913 1124 15

541 1163 612 1198 per
637 1149 810 1198 primam
835 1148 1092 1186 medietatem
1118 1151 1214 1186 hore
1239 1150 1455 1185 descendat
1476 1147 1517 1183 in
1541 1160 1633 1184 aere
1656 1147 1857 1183 universa-

541 1209 630 1245 liter
663 1209 790 1256 gradu
824 1215 958 1243 motus
991 1216 1035 1244 ut
1067 1217 1254 1256 quatuor,
1289 1215 1327 1243 et
1360 1219 1430 1254 per
1461 1207 1683 1242 secundum
1709 1204 1858 1241 medie-

542 1276 665 1303 tatem
700 1265 877 1302 eiusdem
904 1266 1002 1301 hore
1025 1266 1233 1302 continuet
1256 1274 1410 1301 motum
1436 1277 1551 1300 suum
1578 1264 1857 1300 descendendo

542 1338 613 1373 per
647 1337 794 1372 aquam
828 1324 956 1370 gradu
983 1332 1114 1360 motus
1140 1333 1183 1360 ut
1209 1325 1302 1369 duo,
1327 1331 1448 1371 patet,
1473 1323 1581 1371 quod
1605 1321 1637 1358 si
1660 1321 1700 1357 in
1725 1321 1856 1357 medio

541 1382 704 1419 instanti
739 1390 966 1418 moveretur
998 1382 1133 1430 aliquo
1157 1383 1284 1430 gradu
1309 1390 1454 1427 motus,
1489 1389 1583 1416 tunc
1617 1388 1855 1424 moveretur,
1875 1392 1916 1413 20

543 1450 579 1477 et
619 1453 709 1477 cum
755 1448 925 1487 utroque
966 1449 1075 1476 motu
1117 1449 1298 1477 movetur
1335 1452 1406 1487 per
1444 1438 1733 1484 adversarium,
1778 1450 1858 1473 non

543 1508 600 1535 est
633 1498 755 1544 racio,
790 1510 914 1546 quare
947 1500 1074 1546 gradu
1107 1508 1149 1534 ut
1183 1500 1262 1534 duo
1297 1506 1490 1541 movetur,
1520 1496 1615 1545 quin
1647 1508 1718 1544 per
1750 1495 1856 1531 idem

542 1559 667 1605 gradu
699 1565 742 1592 ut
776 1565 949 1605 quatuor
983 1565 1183 1603 movetur3
1229 1565 1265 1592 et
1299 1556 1355 1591 sic
1394 1554 1636 1591 difformiter
1676 1563 1858 1590 movetur

540 1615 717 1652 velocius
762 1624 798 1651 et
843 1614 996 1650 tardius
1045 1628 1086 1652 se
1129 1615 1237 1662 ipso3
1287 1627 1366 1650 non
1414 1613 1520 1649 enim
1567 1620 1700 1660 potest
1744 1611 1854 1659 poni,

543 1676 650 1722 quod
697 1686 769 1721 pro
815 1674 889 1709 hoc
935 1672 1099 1709 instanti
1146 1681 1329 1710 movetur
1372 1671 1508 1719 aliquo
1553 1671 1678 1718 gradu
1724 1679 1858 1705 motus
1875 1672 1915 1704 25

542 1741 675 1780 preter
707 1733 877 1779 gradum
911 1740 955 1767 ut
988 1732 1067 1768 duo
1101 1741 1170 1767 aut
1203 1741 1246 1767 ut
1280 1739 1466 1779 quatuor,
1502 1728 1595 1778 quia
1628 1730 1757 1764 solum
1782 1727 1858 1764 illis

543 1790 734 1839 gradibus
767 1789 932 1837 ponitur
966 1789 1132 1827 moveri.
1166 1791 1281 1835 Ymo,
1318 1788 1564 1837 quicumque
1588 1787 1689 1823 alius
1712 1787 1860 1834 gradus

545 1851 660 1885 datus
684 1848 786 1884 foret
809 1848 1101 1895 instantaneus,
1136 1861 1217 1896 quo
1249 1842 1378 1883 nichil
1404 1845 1729 1893 pertransiretur,
1765 1843 1859 1892 quia

544 1920 616 1944 nec
662 1906 895 1954 superficies
941 1905 1043 1942 aeris
1082 1918 1156 1943 nec
1194 1904 1425 1954 superficies
1466 1916 1582 1952 aque,
1628 1902 1860 1951 ymaginato

544 1967 653 2014 quod
686 1966 719 2000 A
752 1964 900 2001 mobile
933 1963 982 2000 sit
1020 1966 1222 2012 punctale.
1267 1966 1368 2000 Nam
1402 1964 1435 1998 A
1469 1962 1543 1999 erit
1574 1961 1615 1998 in
1648 1960 1860 2009 superficie
1878 1963 1919 1995 30

545 2036 648 2072 aque
681 2036 754 2070 pro
788 2022 921 2059 medio
954 2021 1132 2069 instanti,
1179 2023 1219 2058 in
1252 2034 1332 2071 quo
1373 2020 1606 2068 superficies
1645 2020 1748 2056 aeris
1787 2018 1860 2054 erit

546 2082 746 2129 complete
779 2089 989 2129 penetrata
1023 2090 1061 2117 et
1093 2080 1327 2128 superficies
1360 2091 1464 2127 aque
1487 2091 1581 2114 non.
1617 2079 1710 2114 Ideo
1735 2085 1858 2125 patet,

546 2142 653 2189 quod
686 2148 782 2175 tunc
816 2151 883 2175 aer
917 2147 973 2174 est
1006 2139 1123 2186 plene
1156 2147 1403 2187 penetratus⁷
1438 2146 1475 2173 et
1508 2149 1577 2184 per
1611 2147 1860 2183 consequens

544 2208 639 2234 tunc
679 2210 759 2234 non
799 2197 873 2233 erit
913 2205 1057 2243 motus,
1104 2210 1183 2246 quo
1223 2210 1290 2233 aer
1334 2195 1622 2244 penetrabitur.
1669 2196 1750 2230 Nec
1791 2205 1860 2240 per

544 2257 650 2292 idem
684 2264 779 2292 tunc
812 2255 886 2291 erit
920 2264 1066 2301 motus,
1090 2268 1170 2304 quo
1204 2268 1308 2303 aqua
1342 2252 1629 2303 penetrabitur,
1662 2264 1755 2299 ymo
1778 2264 1859 2287 non
1877 2250 1916 2284 35

546 2315 634 2363 plus
674 2327 748 2361 pro
788 2313 921 2350 medio
960 2313 1123 2350 instanti
1163 2323 1359 2359 movetur,
1406 2324 1526 2361 quam
1566 2310 1597 2347 si
1637 2309 1860 2346 remitteret

548 2382 700 2409 motum
726 2385 841 2408 suum
876 2384 1004 2420 usque
1035 2374 1084 2408 ad
1117 2385 1197 2408 non
1232 2373 1399 2420 gradum
1435 2370 1474 2406 in
1506 2369 1575 2405 illo
1608 2367 1788 2412 instanti,
1823 2376 1860 2403 et

546 2431 740 2479 inciperet
772 2430 812 2466 in
844 2430 911 2466 illo
947 2430 1098 2467 moveri
1121 2443 1143 2467 a
1166 2443 1247 2467 non
1281 2431 1406 2478 gradu
1442 2436 1586 2471 motus,
1622 2426 1715 2475 quia
1737 2425 1860 2462 nichil

546 2489 814 2537 pertransitur
846 2489 885 2524 in
918 2488 1096 2534 instanti,
1130 2488 1206 2525 nisi
1240 2489 1341 2525 forte
1375 2495 1559 2536 punctus.

607 2548 775 2584 Planum
821 2556 877 2583 est
923 2560 1015 2594 ergo
1061 2547 1282 2584 advertenti
1331 2545 1514 2582 raciones
1555 2542 1777 2579 Aristotelis
1812 2543 1919 2584 6040

549 2605 797 2642 Phisicorum
846 2605 1023 2653 capitulo
1064 2607 1110 2641 60
1145 2614 1182 2641 et
1227 2605 1342 2649 infra,
1388 2604 1495 2652 quod
1541 2603 1588 2637 de
1632 2599 1861 2636 intencione

617 2705 644 2733 6.
667 2705 719 2739 eis]
741 2705 829 2733 cod.:
849 2705 903 2731 e'is
924 2706 966 2739 (=
987 2704 1069 2738 cris).

616 2776 672 2807 40.
701 2767 754 2809 Cf.
782 2766 883 2797 Arist.
910 2766 984 2796 Nat.
1011 2766 1114 2796 Ausc.
1132 2764 1176 2796 VI
1205 2766 1221 2797 3
1250 2765 1312 2805 (2),
1339 2763 1359 2795 6
1387 2763 1469 2804 (Ed.
1496 2762 1583 2793 Par.
1610 2762 1688 2800 321,
1717 2761 1766 2790 47
1782 2759 1862 2800 ss.).·

547 2814 626 2845 vide
652 2822 762 2854 supra
783 2822 870 2855 pag.
899 2814 978 2843 189.
