<?xml version="1.0" encoding="UTF-8"?>
<!DOCTYPE html PUBLIC "-//W3C//DTD XHTML 1.0 Transitional//EN"
    "http://www.w3.org/TR/xhtml1/DTD/xhtml1-transitional.dtd">
<html xmlns="http://www.w3.org/1999/xhtml" xml:lang="en" lang="en">
 <head>
  <title>
</title>
<meta http-equiv="Content-Type" content="text/html;charset=utf-8" />
  <meta name='ocr-system' content='tesseract 3.04.00' />
  <meta name='ocr-capabilities' content='ocr_page ocr_carea ocr_par ocr_line ocrx_word'/>
</head>
<body>
  <div class='ocr_page' id='page_1' title='image "./deentepraedicame00wycl_0154.png"; bbox 0 0 2056 3234; ppageno 0'>
   <div class='ocr_carea' id='block_1_1' title="bbox 268 188 1854 227">
    <p class='ocr_par' dir='ltr' id='par_1_1' title="bbox 268 188 1854 227">
     <span class='ocr_line' id='line_1_1' title="bbox 268 188 1854 227; baseline -0.008 5"><span class='ocrx_word' id='word_1_1' title='bbox 268 188 342 223; x_wconf 84' lang='lat'><strong>126</strong></span> <span class='ocrx_word' id='word_1_2' title='bbox 991 195 1213 227; x_wconf 82' lang='lat' dir='ltr'>JOHANNIS</span> <span class='ocrx_word' id='word_1_3' title='bbox 1239 195 1407 226; x_wconf 81' lang='lat' dir='ltr'>WICLIF</span> <span class='ocrx_word' id='word_1_4' title='bbox 1666 193 1753 220; x_wconf 76' lang='lat' dir='ltr'>CAP.</span> <span class='ocrx_word' id='word_1_5' title='bbox 1774 193 1854 221; x_wconf 81' lang='lat' dir='ltr'>x1v.</span> 
     </span>
    </p>
   </div>
   <div class='ocr_carea' id='block_1_2' title="bbox 274 299 1858 473">
    <p class='ocr_par' dir='ltr' id='par_1_2' title="bbox 274 299 1858 473">
     <span class='ocr_line' id='line_1_2' title="bbox 275 299 1856 348; baseline 0.002 -14"><span class='ocrx_word' id='word_1_6' title='bbox 275 343 279 347; x_wconf 30' lang='lat'><strong>¹</strong></span> <span class='ocrx_word' id='word_1_7' title='bbox 365 307 432 346; x_wconf 61' lang='lat' dir='ltr'><strong>Tpe</strong></span> <span class='ocrx_word' id='word_1_8' title='bbox 608 299 782 337; x_wconf 83' lang='lat' dir='ltr'>Ulterius</span> <span class='ocrx_word' id='word_1_9' title='bbox 805 312 884 348; x_wconf 91' lang='lat' dir='ltr'><strong>quo</strong></span> <span class='ocrx_word' id='word_1_10' title='bbox 900 301 949 336; x_wconf 89' lang='lat' dir='ltr'><strong>ad</strong></span> <span class='ocrx_word' id='word_1_11' title='bbox 964 299 1315 336; x_wconf 89' lang='lat' dir='ltr'><strong>immediacionem</strong></span> <span class='ocrx_word' id='word_1_12' title='bbox 1332 300 1628 348; x_wconf 89' lang='lat' dir='ltr'><strong>conservancie,</strong></span> <span class='ocrx_word' id='word_1_13' title='bbox 1654 301 1856 338; x_wconf 90' lang='lat' dir='ltr'><strong>movencie</strong></span> 
     </span>
     <span class='ocr_line' id='line_1_3' title="bbox 274 342 1858 407; baseline 0.001 -14"><span class='ocrx_word' id='word_1_14' title='bbox 274 342 524 404; x_wconf 43' lang='lat' dir='ltr'><strong>mmgfdxtzhtgness</strong></span> <span class='ocrx_word' id='word_1_15' title='bbox 552 366 589 394; x_wconf 89' lang='lat' dir='ltr'><strong>et</strong></span> <span class='ocrx_word' id='word_1_16' title='bbox 611 356 801 394; x_wconf 88' lang='lat' dir='ltr'><strong>faciencie</strong></span> <span class='ocrx_word' id='word_1_17' title='bbox 825 366 1006 394; x_wconf 78' lang='lat' dir='ltr'>creature</span> <span class='ocrx_word' id='word_1_18' title='bbox 1030 358 1265 403; x_wconf 89' lang='lat' dir='ltr'><strong>notandum,</strong></span> <span class='ocrx_word' id='word_1_19' title='bbox 1291 359 1399 406; x_wconf 92' lang='lat' dir='ltr'><strong>quod</strong></span> <span class='ocrx_word' id='word_1_20' title='bbox 1414 358 1624 406; x_wconf 83' lang='lat' dir='ltr'>tripliciter</span> <span class='ocrx_word' id='word_1_21' title='bbox 1647 360 1696 395; x_wconf 95' lang='lat' dir='ltr'><strong>ad</strong></span> <span class='ocrx_word' id='word_1_22' title='bbox 1712 371 1858 407; x_wconf 92' lang='lat' dir='ltr'><strong>propo-</strong></span> 
     </span>
     <span class='ocr_line' id='line_1_4' title="bbox 287 411 1423 473; baseline -0.001 -21"><span class='ocrx_word' id='word_1_23' title='bbox 287 411 508 473; x_wconf 43' lang='lat' dir='ltr'><strong>‘iinaoiiiberliaanncci&#39;</strong></span> <span class='ocrx_word' id='word_1_24' title='bbox 551 414 672 452; x_wconf 87' lang='lat' dir='ltr'><strong>situm</strong></span> <span class='ocrx_word' id='word_1_25' title='bbox 707 424 839 464; x_wconf 87' lang='lat' dir='ltr'><strong>potest</strong></span> <span class='ocrx_word' id='word_1_26' title='bbox 871 415 1000 464; x_wconf 80' lang='lat' dir='ltr'>accipi</span> <span class='ocrx_word' id='word_1_27' title='bbox 1032 415 1288 452; x_wconf 90' lang='lat' dir='ltr'><strong>immediacio</strong></span> <span class='ocrx_word' id='word_1_28' title='bbox 1320 415 1423 452; x_wconf 90' lang='lat' dir='ltr'><strong>talis.</strong></span> 
     </span>
    </p>
   </div>
   <div class='ocr_carea' id='block_1_3' title="bbox 263 472 2009 2313">
    <p class='ocr_par' dir='ltr' id='par_1_3' title="bbox 263 472 2009 2313">
     <span class='ocr_line' id='line_1_5' title="bbox 288 472 1858 522; baseline 0.001 -14"><span class='ocrx_word' id='word_1_29' title='bbox 288 480 458 516; x_wconf 77' lang='lat' dir='ltr'><strong>impulsion</strong></span> <span class='ocrx_word' id='word_1_30' title='bbox 479 479 513 506; x_wconf 88' lang='lat' dir='ltr'><strong>of</strong></span> <span class='ocrx_word' id='word_1_31' title='bbox 609 473 744 510; x_wconf 88' lang='lat' dir='ltr'><strong>Primo</strong></span> <span class='ocrx_word' id='word_1_32' title='bbox 777 474 898 510; x_wconf 92' lang='lat' dir='ltr'><strong>modo</strong></span> <span class='ocrx_word' id='word_1_33' title='bbox 931 486 1009 522; x_wconf 92' lang='lat' dir='ltr'><strong>quo</strong></span> <span class='ocrx_word' id='word_1_34' title='bbox 1043 475 1092 510; x_wconf 86' lang='lat' dir='ltr'><strong>ad</strong></span> <span class='ocrx_word' id='word_1_35' title='bbox 1125 472 1258 519; x_wconf 89' lang='lat' dir='ltr'><strong>situm,</strong></span> <span class='ocrx_word' id='word_1_36' title='bbox 1293 482 1331 509; x_wconf 91' lang='lat' dir='ltr'><strong>et</strong></span> <span class='ocrx_word' id='word_1_37' title='bbox 1363 473 1418 510; x_wconf 85' lang='lat' dir='ltr'><strong>sic</strong></span> <span class='ocrx_word' id='word_1_38' title='bbox 1448 486 1530 510; x_wconf 93' lang='lat' dir='ltr'><strong>non</strong></span> <span class='ocrx_word' id='word_1_39' title='bbox 1552 475 1671 510; x_wconf 88' lang='lat' dir='ltr'><strong>habet</strong></span> <span class='ocrx_word' id='word_1_40' title='bbox 1702 482 1858 510; x_wconf 84' lang='lat' dir='ltr'><strong>senten-</strong></span> 
     </span>
     <span class='ocr_line' id='line_1_6' title="bbox 279 516 1892 579; baseline 0.001 -13"><span class='ocrx_word' id='word_1_41' title='bbox 279 516 345 578; x_wconf 54' lang='grc' dir='ltr'><strong>Πξὲε</strong></span> <span class='ocrx_word' id='word_1_42' title='bbox 365 519 517 576; x_wconf 51' lang='grc' dir='ltr'><strong>ῗξῆᾝζξῃ</strong></span> <span class='ocrx_word' id='word_1_43' title='bbox 551 530 613 567; x_wconf 89' lang='lat' dir='ltr'><strong>cia</strong></span> <span class='ocrx_word' id='word_1_44' title='bbox 636 531 911 567; x_wconf 88' lang='lat' dir='ltr'><strong>difficultatem</strong></span> <span class='ocrx_word' id='word_1_45' title='bbox 946 532 1053 579; x_wconf 90' lang='lat' dir='ltr'><strong>apud</strong></span> <span class='ocrx_word' id='word_1_46' title='bbox 1074 531 1297 579; x_wconf 81' lang='lat' dir='ltr'><strong>theologos,</strong></span> <span class='ocrx_word' id='word_1_47' title='bbox 1331 530 1398 579; x_wconf 91' lang='lat' dir='ltr'><strong>qui</strong></span> <span class='ocrx_word' id='word_1_48' title='bbox 1430 540 1600 568; x_wconf 87' lang='lat' dir='ltr'><strong>noscunt</strong></span> <span class='ocrx_word' id='word_1_49' title='bbox 1624 534 1749 568; x_wconf 88' lang='lat' dir='ltr'><strong>Deum</strong></span> <span class='ocrx_word' id='word_1_50' title='bbox 1774 543 1857 568; x_wconf 92' lang='lat' dir='ltr'><strong>esse</strong></span> <span class='ocrx_word' id='word_1_51' title='bbox 1877 536 1892 568; x_wconf 88' lang='lat'><strong>5</strong></span> 
     </span>
     <span class='ocr_line' id='line_1_7' title="bbox 270 585 1858 654; baseline 0.001 -30"><span class='ocrx_word' id='word_1_52' title='bbox 270 585 331 647; x_wconf 53' lang='lat' dir='ltr'><strong>inlr</strong></span> <span class='ocrx_word' id='word_1_53' title='bbox 353 592 526 654; x_wconf 45' lang='lat' dir='ltr'><strong>{zeczilvffiffl</strong></span> <span class='ocrx_word' id='word_1_54' title='bbox 550 588 721 625; x_wconf 85' lang='lat' dir='ltr'><strong>formam</strong></span> <span class='ocrx_word' id='word_1_55' title='bbox 756 589 1036 637; x_wconf 83' lang='lat' dir='ltr'><strong>exemplarem,</strong></span> <span class='ocrx_word' id='word_1_56' title='bbox 1072 588 1375 625; x_wconf 89' lang='lat' dir='ltr'><strong>coassistentem</strong></span> <span class='ocrx_word' id='word_1_57' title='bbox 1399 589 1510 625; x_wconf 89' lang='lat' dir='ltr'><strong>omni</strong></span> <span class='ocrx_word' id='word_1_58' title='bbox 1535 598 1730 636; x_wconf 80' lang='lat' dir='ltr'><strong>creature,</strong></span> <span class='ocrx_word' id='word_1_59' title='bbox 1765 602 1858 626; x_wconf 90' lang='lat' dir='ltr'><strong>con-</strong></span> 
     </span>
     <span class='ocr_line' id='line_1_8' title="bbox 286 646 1860 695; baseline 0.002 -15"><span class='ocrx_word' id='word_1_60' title='bbox 286 654 370 681; x_wconf 83' lang='lat' dir='ltr'><strong>since</strong></span> <span class='ocrx_word' id='word_1_61' title='bbox 391 654 460 680; x_wconf 83' lang='lat' dir='ltr'><strong>God</strong></span> <span class='ocrx_word' id='word_1_62' title='bbox 482 655 512 680; x_wconf 85' lang='lat' dir='ltr'><strong>in</strong></span> <span class='ocrx_word' id='word_1_63' title='bbox 550 648 746 682; x_wconf 89' lang='lat' dir='ltr'><strong>servando</strong></span> <span class='ocrx_word' id='word_1_64' title='bbox 780 659 867 683; x_wconf 90' lang='lat' dir='ltr'><strong>eam</strong></span> <span class='ocrx_word' id='word_1_65' title='bbox 902 659 980 695; x_wconf 93' lang='lat' dir='ltr'><strong>quo</strong></span> <span class='ocrx_word' id='word_1_66' title='bbox 1014 648 1064 683; x_wconf 91' lang='lat' dir='ltr'><strong>ad</strong></span> <span class='ocrx_word' id='word_1_67' title='bbox 1096 646 1303 695; x_wconf 83' lang='lat' dir='ltr'><strong>quodlibet</strong></span> <span class='ocrx_word' id='word_1_68' title='bbox 1335 646 1418 683; x_wconf 84' lang='lat' dir='ltr'><strong>eius</strong></span> <span class='ocrx_word' id='word_1_69' title='bbox 1451 646 1688 695; x_wconf 83' lang='lat' dir='ltr'><strong>positivum3</strong></span> <span class='ocrx_word' id='word_1_70' title='bbox 1728 647 1860 684; x_wconf 90' lang='lat' dir='ltr'><strong>taliter</strong></span> 
     </span>
     <span class='ocr_line' id='line_1_9' title="bbox 272 692 1860 758; baseline 0.001 -18"><span class='ocrx_word' id='word_1_71' title='bbox 272 692 529 758; x_wconf 46' lang='lat' dir='ltr'><strong>esffggossssffigmisff&#39;</strong></span> <span class='ocrx_word' id='word_1_72' title='bbox 553 703 658 740; x_wconf 90' lang='lat' dir='ltr'><strong>enim</strong></span> <span class='ocrx_word' id='word_1_73' title='bbox 704 704 785 752; x_wconf 90' lang='lat' dir='ltr'><strong>agit</strong></span> <span class='ocrx_word' id='word_1_74' title='bbox 831 704 960 740; x_wconf 91' lang='lat' dir='ltr'><strong>celum</strong></span> <span class='ocrx_word' id='word_1_75' title='bbox 1006 704 1207 741; x_wconf 85' lang='lat' dir='ltr'><strong>mediante</strong></span> <span class='ocrx_word' id='word_1_76' title='bbox 1251 716 1323 741; x_wconf 89' lang='lat' dir='ltr'><strong>suo</strong></span> <span class='ocrx_word' id='word_1_77' title='bbox 1363 704 1643 751; x_wconf 90' lang='lat' dir='ltr'><strong>instrumento,</strong></span> <span class='ocrx_word' id='word_1_78' title='bbox 1689 705 1751 742; x_wconf 91' lang='lat' dir='ltr'><strong>cui</strong></span> <span class='ocrx_word' id='word_1_79' title='bbox 1792 706 1860 741; x_wconf 92' lang='lat' dir='ltr'><strong>dat</strong></span> 
     </span>
     <span class='ocr_line' id='line_1_10' title="bbox 549 761 1860 811; baseline 0.002 -14"><span class='ocrx_word' id='word_1_80' title='bbox 549 761 758 809; x_wconf 89' lang='lat' dir='ltr'><strong>virtutem;</strong></span> <span class='ocrx_word' id='word_1_81' title='bbox 803 771 840 798; x_wconf 91' lang='lat' dir='ltr'><strong>et</strong></span> <span class='ocrx_word' id='word_1_82' title='bbox 884 763 959 799; x_wconf 89' lang='lat' dir='ltr'><strong>hoc</strong></span> <span class='ocrx_word' id='word_1_83' title='bbox 1005 762 1206 799; x_wconf 86' lang='lat' dir='ltr'><strong>mediante</strong></span> <span class='ocrx_word' id='word_1_84' title='bbox 1250 762 1529 808; x_wconf 87' lang='lat' dir='ltr'><strong>instrumento,</strong></span> <span class='ocrx_word' id='word_1_85' title='bbox 1576 764 1683 811; x_wconf 90' lang='lat' dir='ltr'><strong>quod</strong></span> <span class='ocrx_word' id='word_1_86' title='bbox 1729 771 1860 799; x_wconf 85' lang='lat' dir='ltr'><strong>movet</strong></span> 
     </span>
     <span class='ocr_line' id='line_1_11' title="bbox 550 819 1918 868; baseline 0 -13"><span class='ocrx_word' id='word_1_87' title='bbox 550 819 728 856; x_wconf 88' lang='lat' dir='ltr'><strong>localiter</strong></span> <span class='ocrx_word' id='word_1_88' title='bbox 759 819 843 856; x_wconf 90' lang='lat' dir='ltr'><strong>sine</strong></span> <span class='ocrx_word' id='word_1_89' title='bbox 866 821 953 864; x_wconf 93' lang='lat' dir='ltr'><strong>hoc,</strong></span> <span class='ocrx_word' id='word_1_90' title='bbox 990 822 1098 868; x_wconf 93' lang='lat' dir='ltr'><strong>quod</strong></span> <span class='ocrx_word' id='word_1_91' title='bbox 1119 820 1198 857; x_wconf 88' lang='lat' dir='ltr'><strong>tale</strong></span> <span class='ocrx_word' id='word_1_92' title='bbox 1221 832 1340 868; x_wconf 86' lang='lat' dir='ltr'><strong>agens</strong></span> <span class='ocrx_word' id='word_1_93' title='bbox 1363 819 1414 856; x_wconf 87' lang='lat' dir='ltr'><strong>sit</strong></span> <span class='ocrx_word' id='word_1_94' title='bbox 1435 820 1714 857; x_wconf 89' lang='lat' dir='ltr'><strong>immediatum</strong></span> <span class='ocrx_word' id='word_1_95' title='bbox 1739 819 1860 857; x_wconf 87' lang='lat' dir='ltr'><strong>situa-</strong></span> <span class='ocrx_word' id='word_1_96' title='bbox 1879 835 1918 856; x_wconf 92' lang='lat'><strong>10</strong></span> 
     </span>
     <span class='ocr_line' id='line_1_12' title="bbox 549 877 1860 926; baseline 0.001 -13"><span class='ocrx_word' id='word_1_97' title='bbox 549 877 639 913; x_wconf 82' lang='lat' dir='ltr'><strong>liter</strong></span> <span class='ocrx_word' id='word_1_98' title='bbox 671 877 739 914; x_wconf 88' lang='lat' dir='ltr'><strong>tali</strong></span> <span class='ocrx_word' id='word_1_99' title='bbox 763 890 894 926; x_wconf 86' lang='lat' dir='ltr'><strong>passo,</strong></span> <span class='ocrx_word' id='word_1_100' title='bbox 929 879 995 914; x_wconf 90' lang='lat' dir='ltr'><strong>sed</strong></span> <span class='ocrx_word' id='word_1_101' title='bbox 1019 877 1181 914; x_wconf 87' lang='lat' dir='ltr'><strong>indubie</strong></span> <span class='ocrx_word' id='word_1_102' title='bbox 1214 878 1303 914; x_wconf 88' lang='lat' dir='ltr'><strong>talis</strong></span> <span class='ocrx_word' id='word_1_103' title='bbox 1327 878 1522 914; x_wconf 86' lang='lat' dir='ltr'><strong>distancia</strong></span> <span class='ocrx_word' id='word_1_104' title='bbox 1555 878 1685 926; x_wconf 89' lang='lat' dir='ltr'><strong>arguit</strong></span> <span class='ocrx_word' id='word_1_105' title='bbox 1713 877 1860 926; x_wconf 86' lang='lat' dir='ltr'><strong>imper-</strong></span> 
     </span>
     <span class='ocr_line' id='line_1_13' title="bbox 549 934 1859 984; baseline 0.001 -13"><span class='ocrx_word' id='word_1_106' title='bbox 549 934 770 971; x_wconf 90' lang='lat' dir='ltr'><strong>feccionem</strong></span> <span class='ocrx_word' id='word_1_107' title='bbox 796 948 839 972; x_wconf 86' lang='lat' dir='ltr'><strong>ex</strong></span> <span class='ocrx_word' id='word_1_108' title='bbox 861 935 1267 984; x_wconf 88' lang='lat' dir='ltr'><strong>incompossibilitate</strong></span> <span class='ocrx_word' id='word_1_109' title='bbox 1291 935 1553 972; x_wconf 83' lang='lat' dir='ltr'><strong>coexistencie</strong></span> <span class='ocrx_word' id='word_1_110' title='bbox 1572 935 1859 984; x_wconf 81' lang='lat' dir='ltr'><strong>magnitudinis</strong></span> 
     </span>
     <span class='ocr_line' id='line_1_14' title="bbox 552 992 1858 1042; baseline 0.001 -13"><span class='ocrx_word' id='word_1_111' title='bbox 552 992 687 1038; x_wconf 79' lang='lat' dir='ltr'><strong>moli53</strong></span> <span class='ocrx_word' id='word_1_112' title='bbox 721 993 812 1029; x_wconf 90' lang='lat' dir='ltr'><strong>ideo</strong></span> <span class='ocrx_word' id='word_1_113' title='bbox 845 1007 923 1030; x_wconf 89' lang='lat' dir='ltr'><strong>non</strong></span> <span class='ocrx_word' id='word_1_114' title='bbox 958 1002 1091 1041; x_wconf 88' lang='lat' dir='ltr'><strong>potest</strong></span> <span class='ocrx_word' id='word_1_115' title='bbox 1118 995 1201 1030; x_wconf 92' lang='lat' dir='ltr'><strong>Deo</strong></span> <span class='ocrx_word' id='word_1_116' title='bbox 1236 1003 1477 1042; x_wconf 87' lang='lat' dir='ltr'><strong>competere,</strong></span> <span class='ocrx_word' id='word_1_117' title='bbox 1512 993 1579 1042; x_wconf 91' lang='lat' dir='ltr'><strong>qui</strong></span> <span class='ocrx_word' id='word_1_118' title='bbox 1612 1007 1694 1031; x_wconf 88' lang='lat' dir='ltr'><strong>non</strong></span> <span class='ocrx_word' id='word_1_119' title='bbox 1726 1002 1858 1042; x_wconf 89' lang='lat' dir='ltr'><strong>potest</strong></span> 
     </span>
     <span class='ocr_line' id='line_1_15' title="bbox 552 1050 1540 1100; baseline 0.001 -14"><span class='ocrx_word' id='word_1_120' title='bbox 552 1050 767 1099; x_wconf 89' lang='lat' dir='ltr'><strong>quicquam</strong></span> <span class='ocrx_word' id='word_1_121' title='bbox 802 1064 974 1098; x_wconf 84' lang='lat' dir='ltr'><strong>servare,</strong></span> <span class='ocrx_word' id='word_1_122' title='bbox 1006 1051 1082 1088; x_wconf 91' lang='lat' dir='ltr'><strong>nisi</strong></span> <span class='ocrx_word' id='word_1_123' title='bbox 1115 1051 1164 1087; x_wconf 91' lang='lat' dir='ltr'><strong>sit</strong></span> <span class='ocrx_word' id='word_1_124' title='bbox 1197 1051 1362 1100; x_wconf 89' lang='lat' dir='ltr'><strong>illapsus</strong></span> <span class='ocrx_word' id='word_1_125' title='bbox 1397 1051 1540 1088; x_wconf 90' lang='lat' dir='ltr'><strong>eidem.</strong></span> 
     </span>
     <span class='ocr_line' id='line_1_16' title="bbox 280 1108 1916 1157; baseline 0.001 -14"><span class='ocrx_word' id='word_1_126' title='bbox 280 1115 316 1143; x_wconf 88' lang='grc' dir='ltr'><strong>ΙΙ.</strong></span> <span class='ocrx_word' id='word_1_127' title='bbox 338 1115 519 1151; x_wconf 80' lang='lat' dir='ltr'><strong>According</strong></span> <span class='ocrx_word' id='word_1_128' title='bbox 611 1110 798 1145; x_wconf 86' lang='lat' dir='ltr'><strong>Secundo</strong></span> <span class='ocrx_word' id='word_1_129' title='bbox 833 1110 954 1145; x_wconf 92' lang='lat' dir='ltr'><strong>modo</strong></span> <span class='ocrx_word' id='word_1_130' title='bbox 988 1118 1122 1157; x_wconf 88' lang='lat' dir='ltr'><strong>potest</strong></span> <span class='ocrx_word' id='word_1_131' title='bbox 1161 1108 1328 1157; x_wconf 83' lang='lat' dir='ltr'><strong>intelligi</strong></span> <span class='ocrx_word' id='word_1_132' title='bbox 1364 1108 1561 1145; x_wconf 91' lang='lat' dir='ltr'><strong>mediacio</strong></span> <span class='ocrx_word' id='word_1_133' title='bbox 1594 1122 1672 1157; x_wconf 90' lang='lat' dir='ltr'><strong>quo</strong></span> <span class='ocrx_word' id='word_1_134' title='bbox 1714 1110 1764 1146; x_wconf 92' lang='lat' dir='ltr'><strong>ad</strong></span> <span class='ocrx_word' id='word_1_135' title='bbox 1797 1122 1859 1146; x_wconf 87' lang='lat' dir='ltr'><strong>or-</strong></span> <span class='ocrx_word' id='word_1_136' title='bbox 1880 1113 1916 1145; x_wconf 80' lang='lat'><strong>15</strong></span> 
     </span>
     <span class='ocr_line' id='line_1_17' title="bbox 263 1151 2009 1217; baseline 0.001 -16"><span class='ocrx_word' id='word_1_137' title='bbox 263 1151 687 1212; x_wconf 46' lang='lat' dir='ltr'><strong>¹⁰51¹ss²ffg³¹g¹08sss⁶sdinem</strong></span> <span class='ocrx_word' id='word_1_138' title='bbox 717 1165 720 1217; x_wconf 81' lang='grc' dir='ltr'>Ι</span> <span class='ocrx_word' id='word_1_139' title='bbox 749 1168 990 1212; x_wconf 86' lang='lat' dir='ltr'><strong>naturalem,</strong></span> <span class='ocrx_word' id='word_1_140' title='bbox 1028 1167 1258 1215; x_wconf 87' lang='lat' dir='ltr'><strong>incipiendo</strong></span> <span class='ocrx_word' id='word_1_141' title='bbox 1291 1180 1313 1203; x_wconf 89' lang='lat' dir='ltr'><strong>a</strong></span> <span class='ocrx_word' id='word_1_142' title='bbox 1345 1167 1477 1215; x_wconf 86' lang='lat' dir='ltr'><strong>primo</strong></span> <span class='ocrx_word' id='word_1_143' title='bbox 1512 1167 1581 1214; x_wconf 88' lang='lat' dir='ltr'><strong>sic,</strong></span> <span class='ocrx_word' id='word_1_144' title='bbox 1621 1169 1728 1216; x_wconf 88' lang='lat' dir='ltr'><strong>quod</strong></span> <span class='ocrx_word' id='word_1_145' title='bbox 1761 1167 1859 1203; x_wconf 86' lang='lat' dir='ltr'><strong>illud</strong></span> <span class='ocrx_word' id='word_1_146' title='bbox 1876 1172 2009 1214; x_wconf 80' lang='lat' dir='ltr'>F.219‘</span> 
     </span>
     <span class='ocr_line' id='line_1_18' title="bbox 269 1220 1859 1290; baseline 0 -30"><span class='ocrx_word' id='word_1_147' title='bbox 269 1220 531 1290; x_wconf 49' lang='grc' dir='ltr'><strong>ἑξῗίἒίᾞὲῑὲθένῑὲᾗξ</strong></span> <span class='ocrx_word' id='word_1_148' title='bbox 553 1224 710 1260; x_wconf 89' lang='lat' dir='ltr'><strong>dicatur</strong></span> <span class='ocrx_word' id='word_1_149' title='bbox 743 1225 977 1261; x_wconf 85' lang='lat' dir='ltr'><strong>immediate</strong></span> <span class='ocrx_word' id='word_1_150' title='bbox 1011 1238 1138 1273; x_wconf 80' lang='lat' dir='ltr'><strong>agere,</strong></span> <span class='ocrx_word' id='word_1_151' title='bbox 1177 1227 1284 1273; x_wconf 86' lang='lat' dir='ltr'><strong>quod</strong></span> <span class='ocrx_word' id='word_1_152' title='bbox 1318 1224 1399 1273; x_wconf 85' lang='lat' dir='ltr'><strong>agit</strong></span> <span class='ocrx_word' id='word_1_153' title='bbox 1431 1225 1515 1261; x_wconf 90' lang='lat' dir='ltr'><strong>sine</strong></span> <span class='ocrx_word' id='word_1_154' title='bbox 1548 1225 1713 1273; x_wconf 88' lang='lat' dir='ltr'><strong>agencia</strong></span> <span class='ocrx_word' id='word_1_155' title='bbox 1735 1225 1859 1273; x_wconf 88' lang='lat' dir='ltr'><strong>priori</strong></span> 
     </span>
     <span class='ocr_line' id='line_1_19' title="bbox 314 1282 1859 1331; baseline 0.003 -16"><span class='ocrx_word' id='word_1_156' title='bbox 314 1289 486 1328; x_wconf 59' lang='lat' dir='ltr'><strong>secondary</strong></span> <span class='ocrx_word' id='word_1_157' title='bbox 553 1290 591 1318; x_wconf 91' lang='lat' dir='ltr'><strong>et</strong></span> <span class='ocrx_word' id='word_1_158' title='bbox 622 1282 857 1330; x_wconf 87' lang='lat' dir='ltr'><strong>perfecciori</strong></span> <span class='ocrx_word' id='word_1_159' title='bbox 882 1313 889 1319; x_wconf 90' lang='lat'>.</span> <span class='ocrx_word' id='word_1_160' title='bbox 916 1313 922 1318; x_wconf 96' lang='lat'>.</span> <span class='ocrx_word' id='word_1_161' title='bbox 949 1313 982 1329; x_wconf 89' lang='lat'><strong>.‚</strong></span> <span class='ocrx_word' id='word_1_162' title='bbox 1029 1296 1149 1331; x_wconf 87' lang='lat' dir='ltr'><strong>quam</strong></span> <span class='ocrx_word' id='word_1_163' title='bbox 1196 1292 1252 1319; x_wconf 90' lang='lat' dir='ltr'><strong>est</strong></span> <span class='ocrx_word' id='word_1_164' title='bbox 1296 1295 1367 1319; x_wconf 88' lang='lat' dir='ltr'><strong>sua</strong></span> <span class='ocrx_word' id='word_1_165' title='bbox 1411 1282 1577 1331; x_wconf 86' lang='lat' dir='ltr'><strong>propria</strong></span> <span class='ocrx_word' id='word_1_166' title='bbox 1610 1283 1788 1331; x_wconf 85' lang='lat' dir='ltr'><strong>agencia,</strong></span> <span class='ocrx_word' id='word_1_167' title='bbox 1823 1292 1859 1319; x_wconf 91' lang='lat' dir='ltr'><strong>et</strong></span> 
     </span>
     <span class='ocr_line' id='line_1_20' title="bbox 332 1328 1859 1389; baseline 0.001 -14"><span class='ocrx_word' id='word_1_168' title='bbox 332 1328 465 1360; x_wconf 49' lang='lat' dir='ltr'><strong>“mmm&#39;&#39;</strong></span> <span class='ocrx_word' id='word_1_169' title='bbox 553 1340 629 1376; x_wconf 87' lang='lat' dir='ltr'><strong>isto</strong></span> <span class='ocrx_word' id='word_1_170' title='bbox 670 1342 791 1377; x_wconf 88' lang='lat' dir='ltr'><strong>modo</strong></span> <span class='ocrx_word' id='word_1_171' title='bbox 833 1341 982 1377; x_wconf 87' lang='lat' dir='ltr'><strong>mediat</strong></span> <span class='ocrx_word' id='word_1_172' title='bbox 1027 1340 1193 1389; x_wconf 85' lang='lat' dir='ltr'><strong>agencia</strong></span> <span class='ocrx_word' id='word_1_173' title='bbox 1232 1340 1304 1377; x_wconf 90' lang='lat' dir='ltr'><strong>Dei</strong></span> <span class='ocrx_word' id='word_1_174' title='bbox 1351 1340 1454 1377; x_wconf 86' lang='lat' dir='ltr'><strong>inter</strong></span> <span class='ocrx_word' id='word_1_175' title='bbox 1493 1341 1700 1389; x_wconf 85' lang='lat' dir='ltr'><strong>quodlibet</strong></span> <span class='ocrx_word' id='word_1_176' title='bbox 1739 1353 1859 1389; x_wconf 90' lang='lat' dir='ltr'><strong>agens</strong></span> 
     </span>
     <span class='ocr_line' id='line_1_21' title="bbox 553 1398 1918 1447; baseline -0.001 -13"><span class='ocrx_word' id='word_1_177' title='bbox 553 1399 774 1434; x_wconf 84' lang='lat' dir='ltr'><strong>secundum</strong></span> <span class='ocrx_word' id='word_1_178' title='bbox 808 1402 845 1435; x_wconf 82' lang='lat' dir='ltr'><strong>et</strong></span> <span class='ocrx_word' id='word_1_179' title='bbox 878 1398 960 1434; x_wconf 89' lang='lat' dir='ltr'><strong>eius</strong></span> <span class='ocrx_word' id='word_1_180' title='bbox 993 1399 1213 1447; x_wconf 84' lang='lat' dir='ltr'><strong>agenciam,</strong></span> <span class='ocrx_word' id='word_1_181' title='bbox 1248 1407 1290 1434; x_wconf 86' lang='lat' dir='ltr'><strong>ut</strong></span> <span class='ocrx_word' id='word_1_182' title='bbox 1323 1398 1550 1446; x_wconf 84' lang='lat' dir='ltr'><strong>proximum</strong></span> <span class='ocrx_word' id='word_1_183' title='bbox 1584 1401 1667 1435; x_wconf 92' lang='lat' dir='ltr'><strong>Deo</strong></span> <span class='ocrx_word' id='word_1_184' title='bbox 1701 1411 1860 1435; x_wconf 86' lang='lat' dir='ltr'><strong>summo</strong></span> <span class='ocrx_word' id='word_1_185' title='bbox 1877 1412 1918 1433; x_wconf 89' lang='lat'><strong>20</strong></span> 
     </span>
     <span class='ocr_line' id='line_1_22' title="bbox 554 1455 1860 1505; baseline 0.002 -14"><span class='ocrx_word' id='word_1_186' title='bbox 554 1464 611 1492; x_wconf 92' lang='lat' dir='ltr'><strong>est</strong></span> <span class='ocrx_word' id='word_1_187' title='bbox 644 1455 923 1492; x_wconf 85' lang='lat' dir='ltr'><strong>immediatum</strong></span> <span class='ocrx_word' id='word_1_188' title='bbox 957 1456 1045 1503; x_wconf 82' lang='lat' dir='ltr'><strong>sibi,</strong></span> <span class='ocrx_word' id='word_1_189' title='bbox 1081 1466 1117 1493; x_wconf 93' lang='lat' dir='ltr'><strong>et</strong></span> <span class='ocrx_word' id='word_1_190' title='bbox 1140 1456 1195 1492; x_wconf 91' lang='lat' dir='ltr'><strong>sic</strong></span> <span class='ocrx_word' id='word_1_191' title='bbox 1229 1455 1375 1493; x_wconf 85' lang='lat' dir='ltr'><strong>dicitur</strong></span> <span class='ocrx_word' id='word_1_192' title='bbox 1396 1469 1457 1492; x_wconf 86' lang='lat' dir='ltr'><strong>res</strong></span> <span class='ocrx_word' id='word_1_193' title='bbox 1490 1456 1720 1493; x_wconf 85' lang='lat' dir='ltr'><strong>immediate</strong></span> <span class='ocrx_word' id='word_1_194' title='bbox 1743 1469 1860 1505; x_wconf 85' lang='lat' dir='ltr'><strong>agere</strong></span> 
     </span>
     <span class='ocr_line' id='line_1_23' title="bbox 551 1514 1860 1564; baseline 0 -14"><span class='ocrx_word' id='word_1_195' title='bbox 551 1514 612 1550; x_wconf 86' lang='lat' dir='ltr'><strong>vel</strong></span> <span class='ocrx_word' id='word_1_196' title='bbox 647 1526 821 1564; x_wconf 78' lang='lat' dir='ltr'><strong>movere,</strong></span> <span class='ocrx_word' id='word_1_197' title='bbox 860 1516 1022 1563; x_wconf 88' lang='lat' dir='ltr'><strong>quando</strong></span> <span class='ocrx_word' id='word_1_198' title='bbox 1055 1515 1137 1562; x_wconf 85' lang='lat' dir='ltr'><strong>agit</strong></span> <span class='ocrx_word' id='word_1_199' title='bbox 1175 1527 1246 1563; x_wconf 92' lang='lat' dir='ltr'><strong>per</strong></span> <span class='ocrx_word' id='word_1_200' title='bbox 1277 1526 1317 1551; x_wconf 90' lang='lat' dir='ltr'><strong>se</strong></span> <span class='ocrx_word' id='word_1_201' title='bbox 1356 1514 1440 1550; x_wconf 89' lang='lat' dir='ltr'><strong>sine</strong></span> <span class='ocrx_word' id='word_1_202' title='bbox 1473 1514 1673 1551; x_wconf 86' lang='lat' dir='ltr'><strong>iuvamine</strong></span> <span class='ocrx_word' id='word_1_203' title='bbox 1713 1515 1860 1551; x_wconf 87' lang='lat' dir='ltr'><strong>instru—</strong></span> 
     </span>
     <span class='ocr_line' id='line_1_24' title="bbox 555 1571 1860 1620; baseline 0.001 -13"><span class='ocrx_word' id='word_1_204' title='bbox 555 1571 678 1608; x_wconf 88' lang='lat' dir='ltr'><strong>menti</strong></span> <span class='ocrx_word' id='word_1_205' title='bbox 710 1572 771 1608; x_wconf 91' lang='lat' dir='ltr'><strong>vel</strong></span> <span class='ocrx_word' id='word_1_206' title='bbox 804 1584 922 1608; x_wconf 88' lang='lat' dir='ltr'><strong>cause</strong></span> <span class='ocrx_word' id='word_1_207' title='bbox 955 1572 1174 1620; x_wconf 84' lang='lat' dir='ltr'><strong>superioris</strong></span> <span class='ocrx_word' id='word_1_208' title='bbox 1199 1577 1382 1620; x_wconf 89' lang='lat' dir='ltr'><strong>respectu</strong></span> <span class='ocrx_word' id='word_1_209' title='bbox 1416 1584 1484 1608; x_wconf 89' lang='lat' dir='ltr'><strong>sue</strong></span> <span class='ocrx_word' id='word_1_210' title='bbox 1508 1572 1682 1620; x_wconf 86' lang='lat' dir='ltr'><strong>agencie,</strong></span> <span class='ocrx_word' id='word_1_211' title='bbox 1714 1572 1860 1609; x_wconf 89' lang='lat' dir='ltr'><strong>virtute</strong></span> 
     </span>
     <span class='ocr_line' id='line_1_25' title="bbox 554 1629 1860 1678; baseline 0.001 -13"><span class='ocrx_word' id='word_1_212' title='bbox 554 1629 664 1666; x_wconf 90' lang='lat' dir='ltr'><strong>cuius</strong></span> <span class='ocrx_word' id='word_1_213' title='bbox 688 1629 782 1677; x_wconf 87' lang='lat' dir='ltr'><strong>agit,</strong></span> <span class='ocrx_word' id='word_1_214' title='bbox 818 1639 855 1666; x_wconf 91' lang='lat' dir='ltr'><strong>et</strong></span> <span class='ocrx_word' id='word_1_215' title='bbox 877 1630 953 1666; x_wconf 90' lang='lat' dir='ltr'><strong>isto</strong></span> <span class='ocrx_word' id='word_1_216' title='bbox 987 1632 1107 1667; x_wconf 91' lang='lat' dir='ltr'><strong>modo</strong></span> <span class='ocrx_word' id='word_1_217' title='bbox 1133 1630 1303 1666; x_wconf 84' lang='lat' dir='ltr'><strong>dicimus</strong></span> <span class='ocrx_word' id='word_1_218' title='bbox 1338 1643 1508 1678; x_wconf 86' lang='lat' dir='ltr'><strong>corpora</strong></span> <span class='ocrx_word' id='word_1_219' title='bbox 1532 1642 1649 1678; x_wconf 91' lang='lat' dir='ltr'><strong>agere</strong></span> <span class='ocrx_word' id='word_1_220' title='bbox 1683 1630 1860 1667; x_wconf 89' lang='lat' dir='ltr'><strong>median-</strong></span> 
     </span>
     <span class='ocr_line' id='line_1_26' title="bbox 553 1687 1916 1725; baseline 0 -2"><span class='ocrx_word' id='word_1_221' title='bbox 553 1687 658 1724; x_wconf 85' lang='lat' dir='ltr'><strong>tibus</strong></span> <span class='ocrx_word' id='word_1_222' title='bbox 690 1687 770 1724; x_wconf 86' lang='lat' dir='ltr'><strong>suis</strong></span> <span class='ocrx_word' id='word_1_223' title='bbox 809 1687 947 1724; x_wconf 84' lang='lat' dir='ltr'><strong>formis</strong></span> <span class='ocrx_word' id='word_1_224' title='bbox 987 1697 1023 1724; x_wconf 91' lang='lat' dir='ltr'><strong>et</strong></span> <span class='ocrx_word' id='word_1_225' title='bbox 1062 1688 1250 1725; x_wconf 87' lang='lat' dir='ltr'><strong>inferiora</strong></span> <span class='ocrx_word' id='word_1_226' title='bbox 1290 1688 1558 1724; x_wconf 87' lang='lat' dir='ltr'><strong>mediantibus</strong></span> <span class='ocrx_word' id='word_1_227' title='bbox 1603 1688 1683 1724; x_wconf 88' lang='lat' dir='ltr'><strong>suis</strong></span> <span class='ocrx_word' id='word_1_228' title='bbox 1731 1687 1859 1725; x_wconf 90' lang='lat' dir='ltr'><strong>causis</strong></span> <span class='ocrx_word' id='word_1_229' title='bbox 1877 1691 1916 1723; x_wconf 73' lang='lat'><strong>25</strong></span> 
     </span>
     <span class='ocr_line' id='line_1_27' title="bbox 554 1745 1858 1794; baseline 0.001 -14"><span class='ocrx_word' id='word_1_230' title='bbox 554 1745 848 1793; x_wconf 86' lang='lat' dir='ltr'><strong>superioribus;</strong></span> <span class='ocrx_word' id='word_1_231' title='bbox 894 1747 962 1782; x_wconf 89' lang='lat' dir='ltr'><strong>sed</strong></span> <span class='ocrx_word' id='word_1_232' title='bbox 1003 1754 1040 1782; x_wconf 92' lang='lat' dir='ltr'><strong>et</strong></span> <span class='ocrx_word' id='word_1_233' title='bbox 1084 1746 1160 1782; x_wconf 85' lang='lat' dir='ltr'><strong>isto</strong></span> <span class='ocrx_word' id='word_1_234' title='bbox 1201 1747 1335 1791; x_wconf 83' lang='lat' dir='ltr'><strong>modo,</strong></span> <span class='ocrx_word' id='word_1_235' title='bbox 1385 1745 1580 1794; x_wconf 87' lang='lat' dir='ltr'><strong>quidquid</strong></span> <span class='ocrx_word' id='word_1_236' title='bbox 1621 1748 1726 1782; x_wconf 88' lang='lat' dir='ltr'><strong>Deus</strong></span> <span class='ocrx_word' id='word_1_237' title='bbox 1765 1746 1858 1794; x_wconf 89' lang='lat' dir='ltr'><strong>agit,</strong></span> 
     </span>
     <span class='ocr_line' id='line_1_28' title="bbox 553 1802 1859 1852; baseline 0.001 -14"><span class='ocrx_word' id='word_1_238' title='bbox 553 1802 784 1839; x_wconf 88' lang='lat' dir='ltr'><strong>immediate</strong></span> <span class='ocrx_word' id='word_1_239' title='bbox 818 1803 910 1851; x_wconf 83' lang='lat' dir='ltr'><strong>agit,</strong></span> <span class='ocrx_word' id='word_1_240' title='bbox 945 1803 1038 1852; x_wconf 87' lang='lat' dir='ltr'><strong>quia</strong></span> <span class='ocrx_word' id='word_1_241' title='bbox 1070 1816 1143 1840; x_wconf 90' lang='lat' dir='ltr'><strong>nec</strong></span> <span class='ocrx_word' id='word_1_242' title='bbox 1176 1805 1295 1840; x_wconf 86' lang='lat' dir='ltr'><strong>habet</strong></span> <span class='ocrx_word' id='word_1_243' title='bbox 1317 1812 1450 1852; x_wconf 87' lang='lat' dir='ltr'><strong>partes</strong></span> <span class='ocrx_word' id='word_1_244' title='bbox 1482 1816 1554 1839; x_wconf 89' lang='lat' dir='ltr'><strong>nec</strong></span> <span class='ocrx_word' id='word_1_245' title='bbox 1588 1804 1736 1840; x_wconf 85' lang='lat' dir='ltr'><strong>formas</strong></span> <span class='ocrx_word' id='word_1_246' title='bbox 1769 1805 1859 1840; x_wconf 91' lang='lat' dir='ltr'><strong>sub—</strong></span> 
     </span>
     <span class='ocr_line' id='line_1_29' title="bbox 554 1860 1860 1909; baseline 0 -13"><span class='ocrx_word' id='word_1_247' title='bbox 554 1860 765 1897; x_wconf 86' lang='lat' dir='ltr'><strong>stanciales</strong></span> <span class='ocrx_word' id='word_1_248' title='bbox 797 1862 858 1897; x_wconf 84' lang='lat' dir='ltr'><strong>vel</strong></span> <span class='ocrx_word' id='word_1_249' title='bbox 881 1861 1160 1907; x_wconf 84' lang='lat' dir='ltr'><strong>accidentales,</strong></span> <span class='ocrx_word' id='word_1_250' title='bbox 1197 1861 1464 1898; x_wconf 88' lang='lat' dir='ltr'><strong>mediantibus</strong></span> <span class='ocrx_word' id='word_1_251' title='bbox 1489 1861 1633 1909; x_wconf 81' lang='lat' dir='ltr'><strong>quibus</strong></span> <span class='ocrx_word' id='word_1_252' title='bbox 1666 1861 1758 1909; x_wconf 86' lang='lat' dir='ltr'><strong>agit,</strong></span> <span class='ocrx_word' id='word_1_253' title='bbox 1792 1862 1860 1897; x_wconf 88' lang='lat' dir='ltr'><strong>sed</strong></span> 
     </span>
     <span class='ocr_line' id='line_1_30' title="bbox 554 1918 1860 1967; baseline 0 -13"><span class='ocrx_word' id='word_1_254' title='bbox 554 1931 625 1966; x_wconf 91' lang='lat' dir='ltr'><strong>per</strong></span> <span class='ocrx_word' id='word_1_255' title='bbox 661 1931 773 1955; x_wconf 87' lang='lat' dir='ltr'><strong>suam</strong></span> <span class='ocrx_word' id='word_1_256' title='bbox 808 1920 958 1955; x_wconf 88' lang='lat' dir='ltr'><strong>nudam</strong></span> <span class='ocrx_word' id='word_1_257' title='bbox 1000 1919 1216 1956; x_wconf 89' lang='lat' dir='ltr'><strong>essenciam</strong></span> <span class='ocrx_word' id='word_1_258' title='bbox 1251 1919 1312 1956; x_wconf 90' lang='lat' dir='ltr'><strong>vel</strong></span> <span class='ocrx_word' id='word_1_259' title='bbox 1349 1918 1537 1955; x_wconf 86' lang='lat' dir='ltr'><strong>virtutem</strong></span> <span class='ocrx_word' id='word_1_260' title='bbox 1570 1918 1704 1967; x_wconf 80' lang='lat' dir='ltr'><strong>dirigit</strong></span> <span class='ocrx_word' id='word_1_261' title='bbox 1741 1931 1860 1955; x_wconf 90' lang='lat' dir='ltr'><strong>omne</strong></span> 
     </span>
     <span class='ocr_line' id='line_1_31' title="bbox 554 1976 1918 2026; baseline -0.001 -14"><span class='ocrx_word' id='word_1_262' title='bbox 554 1988 674 2024; x_wconf 86' lang='lat' dir='ltr'><strong>agens</strong></span> <span class='ocrx_word' id='word_1_263' title='bbox 707 1978 940 2022; x_wconf 86' lang='lat' dir='ltr'><strong>secundum,</strong></span> <span class='ocrx_word' id='word_1_264' title='bbox 982 1985 1019 2013; x_wconf 89' lang='lat' dir='ltr'><strong>et</strong></span> <span class='ocrx_word' id='word_1_265' title='bbox 1051 1990 1121 2025; x_wconf 89' lang='lat' dir='ltr'><strong>per</strong></span> <span class='ocrx_word' id='word_1_266' title='bbox 1153 1988 1402 2026; x_wconf 87' lang='lat' dir='ltr'><strong>consequens</strong></span> <span class='ocrx_word' id='word_1_267' title='bbox 1435 1976 1475 2012; x_wconf 89' lang='lat' dir='ltr'><strong>in</strong></span> <span class='ocrx_word' id='word_1_268' title='bbox 1507 1976 1647 2013; x_wconf 92' lang='lat' dir='ltr'><strong>ordine</strong></span> <span class='ocrx_word' id='word_1_269' title='bbox 1680 1976 1861 2025; x_wconf 61' lang='lat' dir='ltr'><strong>ageiicia-</strong></span> <span class='ocrx_word' id='word_1_270' title='bbox 1878 1991 1918 2014; x_wconf 61' lang='grc' dir='ltr'><strong>,πο</strong></span> 
     </span>
     <span class='ocr_line' id='line_1_32' title="bbox 554 2033 1861 2084; baseline 0.002 -15"><span class='ocrx_word' id='word_1_271' title='bbox 554 2047 642 2070; x_wconf 88' lang='lat' dir='ltr'><strong>rum</strong></span> <span class='ocrx_word' id='word_1_272' title='bbox 678 2043 735 2070; x_wconf 86' lang='lat' dir='ltr'><strong>est</strong></span> <span class='ocrx_word' id='word_1_273' title='bbox 767 2047 839 2071; x_wconf 87' lang='lat' dir='ltr'><strong>sua</strong></span> <span class='ocrx_word' id='word_1_274' title='bbox 871 2035 1036 2082; x_wconf 85' lang='lat' dir='ltr'><strong>agencia</strong></span> <span class='ocrx_word' id='word_1_275' title='bbox 1069 2034 1335 2084; x_wconf 86' lang='lat' dir='ltr'><strong>principativa</strong></span> <span class='ocrx_word' id='word_1_276' title='bbox 1367 2033 1448 2070; x_wconf 90' lang='lat' dir='ltr'><strong>sive</strong></span> <span class='ocrx_word' id='word_1_277' title='bbox 1472 2034 1668 2071; x_wconf 91' lang='lat' dir='ltr'><strong>mediacio</strong></span> <span class='ocrx_word' id='word_1_278' title='bbox 1700 2034 1861 2083; x_wconf 86' lang='lat' dir='ltr'><strong>agencie</strong></span> 
     </span>
     <span class='ocr_line' id='line_1_33' title="bbox 553 2091 855 2129; baseline 0.007 -2"><span class='ocrx_word' id='word_1_279' title='bbox 553 2091 657 2128; x_wconf 89' lang='lat' dir='ltr'><strong>illius</strong></span> <span class='ocrx_word' id='word_1_280' title='bbox 690 2092 855 2129; x_wconf 87' lang='lat' dir='ltr'><strong>ordinis.</strong></span> 
     </span>
     <span class='ocr_line' id='line_1_34' title="bbox 309 2148 1861 2198; baseline 0.001 -13"><span class='ocrx_word' id='word_1_281' title='bbox 309 2157 361 2185; x_wconf 87' lang='lat'>111.</span> <span class='ocrx_word' id='word_1_282' title='bbox 382 2158 426 2184; x_wconf 81' lang='lat' dir='ltr'><strong>As</strong></span> <span class='ocrx_word' id='word_1_283' title='bbox 445 2157 496 2184; x_wconf 72' lang='lat' dir='ltr'><strong>the</strong></span> <span class='ocrx_word' id='word_1_284' title='bbox 610 2149 754 2186; x_wconf 85' lang='lat' dir='ltr'><strong>Tercio</strong></span> <span class='ocrx_word' id='word_1_285' title='bbox 778 2151 900 2186; x_wconf 87' lang='lat' dir='ltr'><strong>modo</strong></span> <span class='ocrx_word' id='word_1_286' title='bbox 933 2149 1079 2186; x_wconf 87' lang='lat' dir='ltr'><strong>dicitur</strong></span> <span class='ocrx_word' id='word_1_287' title='bbox 1103 2149 1254 2198; x_wconf 90' lang='lat' dir='ltr'><strong>aliquid</strong></span> <span class='ocrx_word' id='word_1_288' title='bbox 1282 2148 1514 2185; x_wconf 88' lang='lat' dir='ltr'><strong>immediate</strong></span> <span class='ocrx_word' id='word_1_289' title='bbox 1537 2162 1665 2198; x_wconf 84' lang='lat' dir='ltr'><strong>agere,</strong></span> <span class='ocrx_word' id='word_1_290' title='bbox 1700 2151 1861 2198; x_wconf 88' lang='lat' dir='ltr'><strong>quando</strong></span> 
     </span>
     <span class='ocr_line' id='line_1_35' title="bbox 272 2192 1859 2264; baseline 0.001 -22"><span class='ocrx_word' id='word_1_291' title='bbox 272 2192 532 2264; x_wconf 46' lang='lat' dir='ltr'><strong>ngsslrlessettpfafflryal</strong></span> <span class='ocrx_word' id='word_1_292' title='bbox 555 2206 687 2254; x_wconf 88' lang='lat' dir='ltr'><strong>ipsum</strong></span> <span class='ocrx_word' id='word_1_293' title='bbox 727 2216 784 2243; x_wconf 88' lang='lat' dir='ltr'><strong>est</strong></span> <span class='ocrx_word' id='word_1_294' title='bbox 817 2220 936 2244; x_wconf 88' lang='lat' dir='ltr'><strong>causa</strong></span> <span class='ocrx_word' id='word_1_295' title='bbox 974 2209 1172 2256; x_wconf 92' lang='lat' dir='ltr'><strong>producto</strong></span> <span class='ocrx_word' id='word_1_296' title='bbox 1205 2207 1482 2255; x_wconf 87' lang='lat' dir='ltr'><strong>propriissima</strong></span> <span class='ocrx_word' id='word_1_297' title='bbox 1520 2207 1561 2243; x_wconf 87' lang='lat' dir='ltr'><strong>in</strong></span> <span class='ocrx_word' id='word_1_298' title='bbox 1592 2216 1750 2254; x_wconf 78' lang='lat' dir='ltr'><strong>natura,</strong></span> <span class='ocrx_word' id='word_1_299' title='bbox 1791 2207 1859 2254; x_wconf 87' lang='lat' dir='ltr'><strong>ita,</strong></span> 
     </span>
     <span class='ocr_line' id='line_1_36' title="bbox 279 2261 1916 2313; baseline 0 -13"><span class='ocrx_word' id='word_1_300' title='bbox 279 2261 523 2295; x_wconf 70' lang='lat' dir='ltr'><strong>resu1133nd1n</strong></span> <span class='ocrx_word' id='word_1_301' title='bbox 556 2265 663 2313; x_wconf 90' lang='lat' dir='ltr'><strong>quod</strong></span> <span class='ocrx_word' id='word_1_302' title='bbox 708 2264 938 2313; x_wconf 85' lang='lat' dir='ltr'><strong>incipiendo</strong></span> <span class='ocrx_word' id='word_1_303' title='bbox 983 2267 1032 2301; x_wconf 92' lang='lat' dir='ltr'><strong>ab</strong></span> <span class='ocrx_word' id='word_1_304' title='bbox 1077 2273 1167 2301; x_wconf 90' lang='lat' dir='ltr'><strong>acto</strong></span> <span class='ocrx_word' id='word_1_305' title='bbox 1213 2273 1249 2301; x_wconf 94' lang='lat' dir='ltr'><strong>et</strong></span> <span class='ocrx_word' id='word_1_306' title='bbox 1293 2266 1544 2301; x_wconf 88' lang='lat' dir='ltr'><strong>ascendendo</strong></span> <span class='ocrx_word' id='word_1_307' title='bbox 1589 2267 1638 2302; x_wconf 91' lang='lat' dir='ltr'><strong>ad</strong></span> <span class='ocrx_word' id='word_1_308' title='bbox 1691 2265 1860 2302; x_wconf 85' lang='lat' dir='ltr'><strong>maxime</strong></span> <span class='ocrx_word' id='word_1_309' title='bbox 1877 2267 1916 2302; x_wconf 72' lang='lat'><strong>25</strong></span> 
     </span>
    </p>
   </div>
   <div class='ocr_carea' id='block_1_4' title="bbox 268 2296 1860 2371">
    <p class='ocr_par' dir='ltr' id='par_1_4' title="bbox 268 2296 1860 2371">
     <span class='ocr_line' id='line_1_37' title="bbox 268 2296 1860 2371; baseline 0.002 -15"><span class='ocrx_word' id='word_1_310' title='bbox 268 2296 540 2365; x_wconf 45' lang='lat' dir='ltr'><strong>catrilrlsstsgssgsselily</strong></span> <span class='ocrx_word' id='word_1_311' title='bbox 556 2323 782 2370; x_wconf 87' lang='lat' dir='ltr'><strong>elongatam</strong></span> <span class='ocrx_word' id='word_1_312' title='bbox 816 2324 864 2359; x_wconf 89' lang='lat' dir='ltr'><strong>ab</strong></span> <span class='ocrx_word' id='word_1_313' title='bbox 898 2335 943 2359; x_wconf 90' lang='lat' dir='ltr'><strong>eo</strong></span> <span class='ocrx_word' id='word_1_314' title='bbox 977 2322 1201 2371; x_wconf 85' lang='lat' dir='ltr'><strong>proximum</strong></span> <span class='ocrx_word' id='word_1_315' title='bbox 1236 2322 1276 2358; x_wconf 91' lang='lat' dir='ltr'><strong>in</strong></span> <span class='ocrx_word' id='word_1_316' title='bbox 1309 2331 1452 2359; x_wconf 90' lang='lat' dir='ltr'><strong>natura</strong></span> <span class='ocrx_word' id='word_1_317' title='bbox 1486 2323 1540 2358; x_wconf 90' lang='lat' dir='ltr'><strong>rei</strong></span> <span class='ocrx_word' id='word_1_318' title='bbox 1574 2325 1769 2371; x_wconf 89' lang='lat' dir='ltr'><strong>producte</strong></span> <span class='ocrx_word' id='word_1_319' title='bbox 1803 2332 1860 2359; x_wconf 89' lang='lat' dir='ltr'><strong>est</strong></span> 
     </span>
    </p>
   </div>
   <div class='ocr_carea' id='block_1_5' title="bbox 281 2365 1919 2774">
    <p class='ocr_par' dir='ltr' id='par_1_5' title="bbox 281 2365 1762 2391">
     <span class='ocr_line' id='line_1_38' title="bbox 281 2365 1762 2391; baseline 0.001 0"><span class='ocrx_word' id='word_1_320' title='bbox 281 2365 315 2391; x_wconf 92' lang='lat' dir='ltr'><strong>be</strong></span> <span class='ocrx_word' id='word_1_321' title='bbox 336 2365 474 2391; x_wconf 77' lang='lat' dir='ltr'><strong>ascribed</strong></span> <span class='ocrx_word' id='word_1_322' title='bbox 495 2369 526 2391; x_wconf 85' lang='lat' dir='ltr'><strong>to</strong></span> <span class='ocrx_word' id='word_1_323' title='bbox 557 2379 564 2386; x_wconf 91' lang='lat'><strong>·</strong></span> <span class='ocrx_word' id='word_1_324' title='bbox 1044 2380 1051 2387; x_wconf 90' lang='lat'>·</span> <span class='ocrx_word' id='word_1_325' title='bbox 1369 2380 1376 2386; x_wconf 93' lang='lat'><em>·</em></span> <span class='ocrx_word' id='word_1_326' title='bbox 1756 2380 1762 2386; x_wconf 91' lang='lat'>-</span> 
     </span>
    </p>

    <p class='ocr_par' dir='ltr' id='par_1_6' title="bbox 364 2380 1919 2774">
     <span class='ocr_line' id='line_1_39' title="bbox 364 2380 1860 2428; baseline 0.001 -13"><span class='ocrx_word' id='word_1_327' title='bbox 364 2399 444 2426; x_wconf 67' lang='lat' dir='ltr'><strong>(jod.</strong></span> <span class='ocrx_word' id='word_1_328' title='bbox 555 2392 685 2427; x_wconf 79' lang='lat' dir='ltr'><strong>ipsum</strong></span> <span class='ocrx_word' id='word_1_329' title='bbox 736 2393 869 2428; x_wconf 84' lang='lat' dir='ltr'><strong>agens,</strong></span> <span class='ocrx_word' id='word_1_330' title='bbox 918 2389 961 2416; x_wconf 88' lang='lat' dir='ltr'><strong>ut</strong></span> <span class='ocrx_word' id='word_1_331' title='bbox 1000 2389 1166 2417; x_wconf 86' lang='lat' dir='ltr'><strong>m1xtum</strong></span> <span class='ocrx_word' id='word_1_332' title='bbox 1212 2381 1396 2428; x_wconf 80' lang='lat' dir='ltr'><strong>produclt</strong></span> <span class='ocrx_word' id='word_1_333' title='bbox 1440 2380 1614 2416; x_wconf 89' lang='lat' dir='ltr'><strong>calorem</strong></span> <span class='ocrx_word' id='word_1_334' title='bbox 1660 2382 1860 2417; x_wconf 81' lang='lat' dir='ltr'><strong>mediante</strong></span> 
     </span>
     <span class='ocr_line' id='line_1_40' title="bbox 556 2437 1861 2487; baseline 0.002 -15"><span class='ocrx_word' id='word_1_335' title='bbox 556 2437 644 2484; x_wconf 83' lang='lat' dir='ltr'><strong>igne</strong></span> <span class='ocrx_word' id='word_1_336' title='bbox 683 2438 722 2473; x_wconf 86' lang='lat' dir='ltr'><strong>in</strong></span> <span class='ocrx_word' id='word_1_337' title='bbox 754 2438 854 2486; x_wconf 84' lang='lat' dir='ltr'><strong>ipso,</strong></span> <span class='ocrx_word' id='word_1_338' title='bbox 896 2447 932 2474; x_wconf 90' lang='lat' dir='ltr'><strong>et</strong></span> <span class='ocrx_word' id='word_1_339' title='bbox 962 2438 1047 2486; x_wconf 90' lang='lat' dir='ltr'><strong>ipse</strong></span> <span class='ocrx_word' id='word_1_340' title='bbox 1087 2437 1287 2474; x_wconf 89' lang='lat' dir='ltr'><strong>mediante</strong></span> <span class='ocrx_word' id='word_1_341' title='bbox 1326 2451 1396 2474; x_wconf 92' lang='lat' dir='ltr'><strong>suo</strong></span> <span class='ocrx_word' id='word_1_342' title='bbox 1436 2438 1579 2484; x_wconf 87' lang='lat' dir='ltr'><strong>calore,</strong></span> <span class='ocrx_word' id='word_1_343' title='bbox 1621 2438 1688 2487; x_wconf 90' lang='lat' dir='ltr'><strong>qui</strong></span> <span class='ocrx_word' id='word_1_344' title='bbox 1721 2438 1861 2474; x_wconf 91' lang='lat' dir='ltr'><strong>imme-</strong></span> 
     </span>
     <span class='ocr_line' id='line_1_41' title="bbox 557 2495 1859 2543; baseline 0.001 -13"><span class='ocrx_word' id='word_1_345' title='bbox 557 2495 662 2531; x_wconf 90' lang='lat' dir='ltr'><strong>diate</strong></span> <span class='ocrx_word' id='word_1_346' title='bbox 701 2495 793 2542; x_wconf 89' lang='lat' dir='ltr'><strong>agit,</strong></span> <span class='ocrx_word' id='word_1_347' title='bbox 841 2497 902 2532; x_wconf 91' lang='lat' dir='ltr'><strong>vel</strong></span> <span class='ocrx_word' id='word_1_348' title='bbox 939 2495 1068 2532; x_wconf 89' lang='lat' dir='ltr'><strong>verius</strong></span> <span class='ocrx_word' id='word_1_349' title='bbox 1106 2495 1221 2543; x_wconf 66' lang='lat' dir='ltr'><strong>ignis,</strong></span> <span class='ocrx_word' id='word_1_350' title='bbox 1267 2504 1310 2531; x_wconf 91' lang='lat' dir='ltr'><strong>ut</strong></span> <span class='ocrx_word' id='word_1_351' title='bbox 1349 2495 1515 2532; x_wconf 91' lang='lat' dir='ltr'><strong>calidus.</strong></span> <span class='ocrx_word' id='word_1_352' title='bbox 1563 2497 1611 2531; x_wconf 89' lang='lat' dir='ltr'><strong>Et</strong></span> <span class='ocrx_word' id='word_1_353' title='bbox 1651 2497 1701 2532; x_wconf 90' lang='lat' dir='ltr'><strong>ad</strong></span> <span class='ocrx_word' id='word_1_354' title='bbox 1740 2495 1859 2532; x_wconf 89' lang='lat' dir='ltr'><strong>istum</strong></span> 
     </span>
     <span class='ocr_line' id='line_1_42' title="bbox 556 2552 1919 2602; baseline -0.001 -13"><span class='ocrx_word' id='word_1_355' title='bbox 556 2564 714 2589; x_wconf 89' lang='lat' dir='ltr'><strong>sensum</strong></span> <span class='ocrx_word' id='word_1_356' title='bbox 750 2562 945 2601; x_wconf 85' lang='lat' dir='ltr'><strong>repugnat</strong></span> <span class='ocrx_word' id='word_1_357' title='bbox 978 2555 1104 2589; x_wconf 90' lang='lat' dir='ltr'><strong>Deum</strong></span> <span class='ocrx_word' id='word_1_358' title='bbox 1139 2552 1371 2589; x_wconf 89' lang='lat' dir='ltr'><strong>immediate</strong></span> <span class='ocrx_word' id='word_1_359' title='bbox 1404 2564 1569 2600; x_wconf 89' lang='lat' dir='ltr'><strong>coagere</strong></span> <span class='ocrx_word' id='word_1_360' title='bbox 1602 2566 1692 2589; x_wconf 90' lang='lat' dir='ltr'><strong>cum</strong></span> <span class='ocrx_word' id='word_1_361' title='bbox 1726 2553 1919 2602; x_wconf 84' lang='lat' dir='ltr'><strong>aliqua4o</strong></span> 
     </span>
     <span class='ocr_line' id='line_1_43' title="bbox 557 2609 1860 2659; baseline 0.002 -14"><span class='ocrx_word' id='word_1_362' title='bbox 557 2618 740 2646; x_wconf 83' lang='lat' dir='ltr'><strong>creatura</strong></span> <span class='ocrx_word' id='word_1_363' title='bbox 778 2623 837 2657; x_wconf 87' lang='lat' dir='ltr'><strong>eo,</strong></span> <span class='ocrx_word' id='word_1_364' title='bbox 878 2612 984 2659; x_wconf 89' lang='lat' dir='ltr'><strong>quod</strong></span> <span class='ocrx_word' id='word_1_365' title='bbox 1017 2611 1057 2647; x_wconf 90' lang='lat' dir='ltr'><strong>in</strong></span> <span class='ocrx_word' id='word_1_366' title='bbox 1095 2610 1205 2647; x_wconf 87' lang='lat' dir='ltr'><strong>omni</strong></span> <span class='ocrx_word' id='word_1_367' title='bbox 1238 2609 1308 2647; x_wconf 84' lang='lat' dir='ltr'><strong>tali</strong></span> <span class='ocrx_word' id='word_1_368' title='bbox 1347 2610 1563 2658; x_wconf 88' lang='lat' dir='ltr'><strong>coagencia</strong></span> <span class='ocrx_word' id='word_1_369' title='bbox 1595 2611 1713 2647; x_wconf 88' lang='lat' dir='ltr'><strong>habet</strong></span> <span class='ocrx_word' id='word_1_370' title='bbox 1753 2623 1860 2647; x_wconf 84' lang='lat' dir='ltr'><strong>crea-</strong></span> 
     </span>
     <span class='ocr_line' id='line_1_44' title="bbox 556 2667 1861 2716; baseline 0.001 -13"><span class='ocrx_word' id='word_1_371' title='bbox 556 2676 687 2703; x_wconf 87' lang='lat' dir='ltr'><strong>turam</strong></span> <span class='ocrx_word' id='word_1_372' title='bbox 722 2668 907 2713; x_wconf 89' lang='lat' dir='ltr'><strong>mediam,</strong></span> <span class='ocrx_word' id='word_1_373' title='bbox 942 2681 982 2704; x_wconf 92' lang='lat' dir='ltr'><strong>se</strong></span> <span class='ocrx_word' id='word_1_374' title='bbox 1014 2668 1100 2716; x_wconf 88' lang='lat' dir='ltr'><strong>ipsa</strong></span> <span class='ocrx_word' id='word_1_375' title='bbox 1123 2667 1452 2716; x_wconf 85' lang='lat' dir='ltr'><strong>propinquiorem</strong></span> <span class='ocrx_word' id='word_1_376' title='bbox 1485 2667 1572 2716; x_wconf 90' lang='lat' dir='ltr'><strong>ipso</strong></span> <span class='ocrx_word' id='word_1_377' title='bbox 1596 2668 1737 2705; x_wconf 90' lang='lat' dir='ltr'><strong>effectu</strong></span> <span class='ocrx_word' id='word_1_378' title='bbox 1769 2680 1861 2716; x_wconf 92' lang='lat' dir='ltr'><strong>pro-</strong></span> 
     </span>
     <span class='ocr_line' id='line_1_45' title="bbox 557 2725 1860 2774; baseline 0.001 -14"><span class='ocrx_word' id='word_1_379' title='bbox 557 2727 690 2761; x_wconf 91' lang='lat' dir='ltr'><strong>ducto.</strong></span> <span class='ocrx_word' id='word_1_380' title='bbox 731 2727 778 2761; x_wconf 89' lang='lat' dir='ltr'><strong>Et</strong></span> <span class='ocrx_word' id='word_1_381' title='bbox 811 2725 887 2762; x_wconf 88' lang='lat' dir='ltr'><strong>isto</strong></span> <span class='ocrx_word' id='word_1_382' title='bbox 920 2727 1042 2762; x_wconf 91' lang='lat' dir='ltr'><strong>modo</strong></span> <span class='ocrx_word' id='word_1_383' title='bbox 1074 2725 1299 2774; x_wconf 87' lang='lat' dir='ltr'><strong>intelligunt</strong></span> <span class='ocrx_word' id='word_1_384' title='bbox 1331 2725 1560 2774; x_wconf 90' lang='lat' dir='ltr'><strong>philosophi</strong></span> <span class='ocrx_word' id='word_1_385' title='bbox 1593 2725 1860 2762; x_wconf 85' lang='lat' dir='ltr'><strong>communiter</strong></span> 
     </span>
    </p>
   </div>
   <div class='ocr_carea' id='block_1_6' title="bbox 557 2782 1859 2830">
    <p class='ocr_par' dir='ltr' id='par_1_7' title="bbox 557 2782 1859 2830">
     <span class='ocr_line' id='line_1_46' title="bbox 557 2782 1859 2830; baseline 0.001 -12"><span class='ocrx_word' id='word_1_386' title='bbox 557 2791 750 2830; x_wconf 87' lang='lat' dir='ltr'><strong>ponentes</strong></span> <span class='ocrx_word' id='word_1_387' title='bbox 792 2785 918 2818; x_wconf 89' lang='lat' dir='ltr'><strong>Deum</strong></span> <span class='ocrx_word' id='word_1_388' title='bbox 965 2796 1045 2820; x_wconf 91' lang='lat' dir='ltr'><strong>non</strong></span> <span class='ocrx_word' id='word_1_389' title='bbox 1083 2783 1328 2828; x_wconf 85' lang='lat' dir='ltr'><strong>immediate,</strong></span> <span class='ocrx_word' id='word_1_390' title='bbox 1369 2784 1437 2818; x_wconf 89' lang='lat' dir='ltr'><strong>sed</strong></span> <span class='ocrx_word' id='word_1_391' title='bbox 1479 2782 1663 2829; x_wconf 80' lang='lat' dir='ltr'><strong>mediate,</strong></span> <span class='ocrx_word' id='word_1_392' title='bbox 1704 2791 1859 2819; x_wconf 91' lang='lat' dir='ltr'><strong>motore</strong></span> 
     </span>
    </p>
   </div>
  </div>
 </body>
</html>
