2056 3234
251 201 339 229 CAP-
360 201 440 229 XVI>
574 205 633 237 DE
660 205 783 237 ENTE
811 205 1230 237 PREDICAMENTALI.

248 320 414 347 vocatur
457 324 556 358 opus
602 311 974 348 administrationis.
1028 313 1176 348 Omnes
1216 312 1320 348 enim
1356 321 1557 349 creaturas

249 368 427 405 condidit
460 370 564 405 Deus
597 369 635 405 in
669 369 799 417 primo
832 369 994 406 instanti
1028 369 1166 405 mundi
1199 371 1247 406 ad
1272 369 1483 406 minimum
1517 371 1557 406 in

248 426 327 462 suis
361 426 489 462 causis
522 427 718 472 secundis,
771 428 831 464 vel
872 427 1158 474 materialibus,
1210 428 1271 463 vel
1303 427 1556 475 specialibus,

246 485 306 521 vel
337 484 639 529 universalibus,
674 494 710 521 et
742 494 831 533 post
864 485 1117 522 administrat
1150 484 1354 521 individua
1377 495 1557 533 tempore

215 546 424 589 §congruo
470 554 541 578 suo
587 555 742 590 genere.
796 545 872 579 Ista
906 543 1110 580 sentencia
1150 551 1259 590 patet
1291 555 1362 590 per
1395 545 1554 579 beatum

245 599 510 647 Augustinum
548 602 590 635 50
624 613 743 648 super
774 600 946 648 genesim
982 602 1033 637 ad
1064 600 1239 637 litteram
1274 600 1450 648 capitulo
1482 605 1555 637 210

247 666 283 693 et
315 657 416 693 infra
450 666 486 693 et
518 657 622 694 libro
655 667 761 695 sexto
795 658 970 706 capitulo
1001 659 1070 694 130
1094 667 1130 694 et
1159 658 1253 694 alibi
1283 659 1417 695 multis
1444 659 1555 695 locis.

246 717 326 751 Nec
360 724 417 751 est
449 717 687 763 putandum,
741 718 846 765 quod
881 718 985 753 Deus
1030 716 1175 752 desinit
1220 728 1456 753 conservare
1489 726 1556 753 aut

246 782 467 809 sustentare
499 783 738 821 creaturam,
772 787 860 811 cum
895 773 1024 823 ipsam
1056 773 1288 821 produxerit
1320 773 1359 810 in
1391 775 1556 823 propria

192 846 230 866 10
246 830 470 875 existenda,
495 831 596 868 sicut
617 832 891 880 carpentarius
910 832 1098 880 relinquit
1118 833 1296 878 domum,
1313 844 1403 868 cum
1427 832 1553 880 ipsam

246 888 394 934 fecerit,
428 889 523 937 quia
555 890 585 925 si
611 891 685 926 hoc
718 899 850 938 posset
873 891 1015 934 facere,
1049 902 1130 926 non
1162 899 1263 925 esset
1286 890 1554 938 omnipotens.

303 948 417 983 Unde
449 947 588 995 quinto
622 949 742 984 modo
775 948 971 996 accipitur
994 947 1159 996 agencia
1173 947 1245 983 Dei
1278 948 1328 984 ad
1353 957 1459 984 extra
1483 961 1555 995 pro

245 1006 505 1041 sustentanda
537 1006 597 1041 vel
630 1008 903 1042 conservanda
936 1006 1018 1042 eius
1052 1005 1282 1048 essenciali;
1316 1005 1416 1041 sicut
1450 1005 1555 1042 enim

244 1062 489 1098 luminosum
524 1072 716 1100 sustentat
749 1065 884 1100 lumen
917 1073 953 1100 et
987 1063 1133 1100 mobile
1169 1071 1337 1108 motum,
1372 1063 1427 1099 sic
1451 1065 1556 1099 Deus

193 1124 227 1156 15
246 1121 365 1156 modo
394 1120 584 1157 ineffabili
617 1130 811 1158 sustentat
841 1121 1136 1159 sustentacione
1162 1120 1368 1157 essenciali
1392 1134 1553 1157 omnem

244 1187 468 1215 creaturam
493 1188 701 1227 tamquam
727 1192 847 1228 agens
869 1180 1131 1216 extrinsecum
1157 1191 1235 1227 quo
1259 1180 1309 1215 ad
1334 1179 1554 1215 essenciam

244 1245 280 1272 et
325 1245 534 1284 tamquam
583 1246 810 1273 sustentans
855 1237 1114 1274 intrinsecum
1160 1249 1240 1284 quo
1286 1237 1335 1273 ad
1368 1236 1553 1273 intimum

242 1294 449 1341 illapsum;
484 1303 521 1331 et
544 1296 592 1331 de
614 1295 683 1331 tali
707 1295 947 1343 operacione
980 1294 1215 1342 intelligitur
1243 1294 1340 1330 illud
1362 1295 1450 1331 Joh.
1479 1294 1551 1331 Sm:

244 1353 391 1398 „Pater
423 1365 533 1389 meus
565 1365 691 1401 usque
724 1355 845 1390 modo
878 1362 1080 1401 operatur,
1114 1361 1151 1389 et
1184 1364 1254 1400 ego
1287 1353 1473 1400 operor.''

187 1424 230 1446 20
304 1411 417 1446 Unde
439 1410 726 1447 Lincolniensis
759 1411 798 1447 in
823 1413 997 1459 quadam
1022 1410 1191 1459 epistola
1216 1409 1336 1446 missa
1360 1410 1551 1458 magistro

244 1468 329 1503 Ade
362 1469 409 1504 de
441 1468 625 1514 Marisco,
672 1469 867 1517 querenti,
913 1469 945 1505 si
978 1471 1084 1505 Deus
1129 1476 1186 1504 est
1231 1468 1360 1504 forma
1402 1481 1550 1514 rerum,

244 1526 419 1561 ostendit
452 1538 494 1562 ex
528 1526 663 1562 multis
696 1526 810 1563 dictis
843 1527 949 1564 beati
980 1525 1204 1575 Augustini,
1251 1527 1359 1573 quod
1392 1526 1469 1571 sic;
1515 1535 1551 1562 et

242 1592 331 1630 post
363 1584 525 1620 adducit
559 1596 601 1620 ex
634 1596 750 1621 sensu
783 1584 888 1621 beati
920 1584 1131 1633 Augustini
1176 1592 1255 1620 tres
1288 1583 1469 1620 raciones
1502 1585 1551 1620 ad

241 1641 350 1677 illud.

185 1703 223 1734 25
298 1698 443 1743 Prima,
477 1699 566 1735 talis
599 1700 727 1736 forma
761 1700 970 1737 diffinitive
1004 1709 1072 1745 est,
1107 1713 1186 1748 qua
1220 1713 1281 1736 res
1316 1708 1372 1735 est
1406 1700 1553 1736 forma-

238 1757 346 1803 liter;
379 1766 421 1793 ut
445 1757 686 1803 humanitas,
721 1771 800 1806 qua
824 1759 946 1794 homo
978 1767 1034 1794 est
1057 1759 1191 1802 homo,
1226 1758 1355 1794 forma
1378 1757 1553 1794 hominis

239 1823 315 1860 est;
349 1816 416 1851 sed
440 1817 545 1851 Deus
569 1828 608 1851 se
632 1815 717 1863 ipso
741 1825 797 1852 est
821 1816 1043 1852 formaliter
1065 1816 1176 1863 illud,
1201 1816 1309 1863 quod
1334 1824 1409 1861 est;
1444 1828 1551 1862 ergo,

240 1885 328 1908 cum
374 1872 521 1909 deitate
560 1875 665 1909 Deus
710 1883 780 1920 est,
826 1874 1018 1923 sequitur,
1072 1875 1179 1922 quod
1219 1873 1287 1910 illa
1332 1872 1459 1910 deitas
1503 1872 1553 1908 sit

239 1930 381 1967 forma.

310 2073 348 2101 17.
373 2065 446 2093 Cod.
457 2074 467 2091 .·
495 2069 658 2092 sustentas.

310 2171 341 2205 6.
368 2173 457 2214 Aug.
483 2173 533 2204 De
560 2172 685 2204 Genesi
714 2173 754 2203 ad
782 2172 929 2203 litteram
956 2172 996 2211 V,
1024 2181 1058 2202 21
1092 2171 1232 2214 (Migne
1256 2171 1422 2203 XXXIV
1440 2172 1553 2209 0035).-

359 2229 473 2252 nonne
504 2220 696 2261 confirmat
730 2229 798 2251 non
832 2219 942 2250 solum
977 2222 1090 2249 totam
1126 2218 1230 2249 istam
1258 2217 1378 2249 mundi
1408 2222 1551 2259 pai-tem

242 2266 343 2297 rebus
385 2266 593 2297 mortalibus
624 2270 656 2297 et
695 2265 982 2307 corruptibilibus
1021 2264 1243 2305 deputatam,
1283 2274 1403 2296 verum
1442 2264 1551 2295 etiam

199 2330 202 2333 <
241 2312 429 2343 vilissimas
462 2312 536 2343 eius
569 2311 890 2351 abiectissimasque
921 2311 1128 2351 particulas
1165 2310 1286 2342 divina
1320 2309 1551 2351 providentia

241 2357 344 2400 regi?
370 2358 514 2389 Ibid.Vl
547 2359 596 2397 13,
625 2356 666 2389 26
693 2358 785 2399 quod
811 2362 919 2399 caput
945 2357 994 2388 ad
1020 2356 1238 2388 creationem
1263 2356 1374 2398 primi
1401 2356 1552 2388 hominis

241 2404 394 2445 respicit.
495 2403 545 2436 18.
570 2405 628 2436 Jo.
648 2405 681 2443 5,
699 2404 751 2436 17.
842 2413 896 2434 20.
925 2404 978 2444 Cf.
998 2402 1137 2433 Roberti
1159 2402 1376 2434 Grosseteste
1396 2402 1551 2444 episcopi

240 2450 418 2491 quondam
446 2450 699 2482 Lincolniensis
725 2450 911 2491 Epistolae‚
940 2449 949 2480 l
978 2449 1124 2490 (Edited
1149 2451 1197 2490 by
1222 2449 1353 2490 Hemy
1373 2448 1552 2480 Richards

241 2497 375 2533 Lucii-d,
406 2497 554 2528 London
588 2499 685 2535 1867,
712 2506 798 2538 pag.
825 2495 952 2535 1—17)
985 2499 1019 2527 et
1050 2495 1224 2536 imprimis
1255 2504 1343 2535 quae
1373 2495 1552 2536 leguntur,

235 2553 320 2584 pag.
344 2544 384 2574 3.·
410 2543 471 2574 Ex
499 2543 640 2574 ratione
665 2552 797 2583 quoque
815 2543 963 2584 formae
989 2542 1098 2584 argui
1111 2545 1240 2582 potest,
1257 2540 1374 2572 Deum
1387 2542 1550 2583 formam

240 2598 323 2627 esse,
356 2590 436 2629 quia
464 2590 589 2631 forma
622 2594 686 2627 est,
718 2598 785 2629 qua
819 2598 873 2620 res
902 2592 1019 2629 potest
1051 2597 1123 2619 esse
1157 2587 1204 2625 id,
1237 2587 1329 2627 quod
1359 2592 1425 2625 es!‚·
1459 2587 1553 2617 velut

241 2636 459 2673 immanitas,
478 2645 544 2676 qua
573 2636 676 2667 homo
702 2639 752 2666 est
779 2635 894 2670 homo,
908 2633 1037 2674 forma
1057 2633 1210 2665 hominis
1227 2637 1288 2664 est.
1319 2633 1412 2664 Deus
1433 2637 1550 2664 autem

240 2690 276 2713 se
308 2681 380 2722 ipso
415 2686 465 2713 est
497 2681 544 2718 id,
577 2681 669 2722 quod
700 2686 769 2713 est:
803 2689 839 2711 se
871 2680 946 2720 ipso
979 2680 1069 2711 enim
1096 2678 1197 2710 Deus
1223 2683 1286 2717 est,
1312 2679 1392 2718 quia
1419 2679 1552 2710 deitate

243 2727 336 2758 Deus
362 2732 422 2763 est,
450 2732 481 2759 et
507 2727 621 2759 deitas
650 2726 747 2758 Deus
773 2731 833 2757 est.
880 2726 1114 2768 Quapropter
1140 2735 1217 2756 cum
1246 2725 1293 2759 id,
1326 2735 1391 2766 quo
1419 2735 1473 2756 res
1501 2729 1552 2756 est

188 2807 191 2809 ,
241 2774 288 2812 id,
316 2774 406 2815 quod
432 2778 493 2811 est,
510 2775 638 2815 forma
665 2775 721 2811 sit,
750 2773 843 2804 Deus
866 2775 995 2815 forma
1022 2776 1084 2805 est.
1120 2771 1205 2803 Item
1234 2772 1308 2812 quis
1334 2781 1401 2802 non
1429 2780 1552 2802 conce-

242 2819 302 2850 det
329 2820 392 2860 (sic
435 2842 442 2849 .
461 2842 468 2849 .
489 2842 496 2848 .
516 2842 523 2849 .
551 2824 612 2850 etc.

1353 2875 1420 2905 10÷÷

1770 212 1843 247 147

1615 1416 1683 1443 God
1705 1417 1731 1444 is
1750 1417 1800 1444 the

1602 1451 1697 1478 Form
1720 1452 1755 1479 of
1771 1453 1807 1479 all

1585 1486 1699 1521 things.
1720 1486 1827 1522 Triple

1594 1521 1688 1555 proof
1705 1521 1739 1548 of
1756 1521 1817 1548 this

1665 1555 1745 1583 form

1604 1589 1808 1618 Grosseteste.

1604 1705 1694 1741 Deity
1713 1706 1739 1733 is
1760 1707 1810 1733 the

1585 1740 1665 1767 form
1687 1741 1721 1767 of
1739 1740 1821 1774 God,

1574 1783 1606 1801 as
1629 1775 1790 1811 humanity
1811 1776 1837 1802 is

1637 1810 1672 1836 of
1688 1817 1770 1837 man.
