2056 3234
242 171 318 207 208

255 699 290 726 ΙΙ.
314 698 361 725 On
384 697 497 723 human

298 733 453 761 relations.

286 1681 335 1707 III.
359 1680 407 1707 On
429 1679 487 1718 the*

281 1718 433 1744 existence
454 1718 484 1741 ot

348 1754 430 1781 God.

971 174 1193 205 JOHANNIS
1219 173 1387 204 WICLIF
1645 171 1735 198 CAP.
1757 171 1836 198 XXI.

528 294 611 317 esse
650 281 812 317 existere
851 289 888 316 et
927 288 1014 327 post
1053 292 1133 315 non
1173 279 1349 324 existere,
1392 287 1427 314 et
1467 279 1520 314 sic
1554 291 1685 324 omne,
1727 280 1834 326 quod

528 339 691 387 incipiet
735 339 795 375 vel
847 337 986 385 incipit
1039 350 1135 382 esse,
1188 336 1328 384 incipit
1381 348 1464 372 esse
1516 345 1698 385 ternpore
1750 350 1834 373 suo.

528 399 615 433 Non
650 396 743 445 quia
784 396 1021 443 simpliciter
1058 408 1137 431 non
1178 394 1318 440 existit,
1358 396 1425 430 sed
1465 394 1559 442 quia
1597 408 1669 443 pro
1703 395 1837 443 aliqua

530 467 717 491 mensura
749 467 829 490 non
863 453 991 490 existit
1015 454 1155 498 rnodo;
1189 465 1268 488 non
1301 452 1483 500 sequitur
1516 453 1590 488 hoc
1623 465 1729 489 nunc
1759 465 1839 488 non

530 512 671 558 existit,
719 524 811 559 ergo
856 524 936 547 non
982 510 1126 557 existit,
1170 510 1322 558 pocius,
1369 523 1489 558 quam
1536 510 1715 558 sequitur
1765 512 1873 550 hoc5

530 570 677 607 alicubi
717 583 797 606 non
837 578 906 615 est,
948 581 1042 617 ergo
1075 581 1155 604 non
1189 577 1259 604 est.
1300 570 1348 604 Et
1381 568 1435 604 sic
1468 568 1716 616 intelligendi
1749 577 1841 604 sunt

531 627 759 677 philosophi
793 629 840 663 de
872 626 1055 663 terminis
1089 635 1286 663 motuum.

589 689 636 722 Et
681 686 1042 733 correspondentes
1093 684 1395 720 concedendum
1449 692 1505 719 est
1549 685 1596 719 de
1640 683 1675 719 vi
1720 683 1839 729 vocis,

531 746 639 792 quod
678 757 744 780 sor
783 752 839 779 est
878 743 993 779 aliter
1031 742 1070 778 in
1103 744 1260 778 theatro
1295 754 1415 789 quam
1455 741 1538 789 ipse
1572 750 1629 777 est
1662 741 1700 777 in
1735 742 1840 788 foro;

532 801 784 839 melancolici
830 801 954 837 eciam
1001 809 1091 836 sunt
1139 799 1412 836 demenciores
1456 799 1495 835 in
1534 809 1758 847 autumpno
1802 812 1900 836 seto

532 861 627 908 ipsis
678 860 717 895 in
768 871 888 896 verno
932 868 1128 906 tempore,
1174 867 1216 893 ut
1261 858 1487 894 concedunt
1526 857 1760 905 Porphirius
1806 866 1842 893 et

532 919 733 954 Gilhertus
758 926 793 954 et
816 916 1180 965 proposcionaliter
1203 917 1250 952 de
1273 915 1482 952 similibus.
1518 916 1609 951 Ideo
1639 916 1688 951 ad
1713 928 1842 963 pauca

532 976 763 1024 respiciunt,
788 975 855 1023 qui
877 983 1019 1023 putant
1036 987 1079 1010 ex
1094 974 1169 1010 ista
1185 973 1373 1021 opinione
1394 972 1507 1021 sequi
1524 973 1841 1009 destruccionem

531 1034 661 1071 omnis
702 1042 848 1079 motus,
891 1045 981 1068 cum
1022 1031 1269 1080 impossibile
1309 1031 1358 1067 sit
1398 1040 1552 1066 motum
1588 1032 1734 1067 habere
1767 1040 1843 1067 ter-

533 1092 676 1137 minos,
709 1091 785 1127 nisi
820 1104 891 1139 pro
933 1090 1096 1126 diversis
1137 1088 1351 1135 mensuris;
1392 1088 1481 1125 ideo
1518 1089 1725 1125 conciusio
1756 1089 1900 1125 Ari-15

532 1150 684 1186 stotelis
710 1151 754 1185 60
780 1149 1027 1185 Phisicorum
1055 1147 1231 1196 capitulo
1257 1147 1315 1183 610
1348 1155 1417 1193 est,
1452 1148 1559 1195 quod
1592 1159 1665 1183 nec
1700 1156 1843 1192 motus,

533 1221 603 1244 nec
627 1208 751 1256 quies,
767 1219 839 1243 nec
862 1206 970 1243 aliud
993 1206 1259 1242 successivum
1285 1213 1342 1241 est
1365 1205 1405 1240 in
1428 1204 1605 1251 instanti,
1621 1205 1844 1253 supposito,

532 1267 752 1302 secundum
776 1273 920 1301 totum.
944 1266 1056 1300 Patet
1079 1263 1206 1300 eciam
1232 1275 1274 1299 ex
1298 1264 1438 1299 eodem
1465 1262 1671 1310 responsio
1696 1264 1745 1298 ad
1770 1264 1845 1298 hoc

534 1324 758 1372 sophisma:
793 1324 868 1359 Sor
901 1331 958 1358 est
991 1322 1122 1358 omnis
1156 1323 1290 1366 homo,
1325 1320 1472 1368 posito,
1496 1322 1602 1368 quod
1634 1320 1683 1356 sit
1715 1320 1845 1356 omnis

535 1383 655 1418 homo
683 1381 849 1417 existens
882 1393 1001 1416 nunc.
1037 1382 1123 1416 Non
1158 1379 1262 1415 enim
1286 1378 1467 1427 sequitur
1490 1391 1555 1414 sor
1579 1391 1661 1414 esse
1684 1391 1842 1415 ornnem
1863 1392 1904 1413 πο

535 1440 754 1484 hominem,
788 1448 824 1475 et
856 1438 885 1474 si
920 1438 981 1483 sit,
1016 1437 1147 1473 omnis
1182 1439 1302 1473 homo
1336 1437 1504 1472 existens
1536 1449 1656 1481 nunc,
1681 1436 1787 1484 quia,
1815 1436 1846 1472 si

534 1511 599 1534 sor
631 1510 737 1533 nunc
770 1505 827 1532 est
860 1496 990 1532 omnis
1025 1497 1160 1537 homo,
1200 1504 1295 1531 tunc
1334 1494 1417 1542 ipse
1456 1503 1513 1530 est
1546 1493 1677 1530 omnis
1711 1496 1845 1539 horno,

535 1565 571 1592 et
595 1569 665 1604 per
688 1567 934 1602 consequens
958 1555 1080 1589 horno
1105 1563 1160 1590 est
1184 1566 1262 1589 sor.
1296 1554 1344 1588 Et
1377 1553 1480 1588 ultra
1512 1551 1705 1600 sequitur,
1739 1553 1846 1600 quod

535 1614 665 1650 omnis
690 1615 824 1660 homo,
848 1612 916 1660 qui
941 1611 1012 1648 fuit
1034 1612 1094 1647 vel
1119 1611 1191 1647 erit
1215 1618 1269 1647 est
1293 1623 1371 1655 sor,
1397 1623 1486 1646 cum
1511 1609 1641 1646 omnis
1665 1610 1752 1646 talis
1777 1619 1845 1647 est.

595 1673 700 1717 Ideo,
746 1671 846 1706 sicut
885 1678 1043 1718 oportet
1081 1677 1284 1705 tenentem
1325 1668 1440 1704 istam
1479 1668 1583 1704 viam
1624 1680 1761 1704 cavere
1802 1669 1848 1704 de
1865 1671 1905 1702 25

536 1729 837 1777 negacionibus,
871 1728 927 1764 sic
961 1737 996 1764 et
1029 1729 1076 1763 de
1110 1726 1465 1762 distribucionibus
1498 1725 1759 1771 affirmativis,
1805 1735 1848 1762 ut

538 1790 641 1823 Deus
664 1799 821 1834 semper
846 1795 902 1822 est
925 1786 964 1821 in
988 1785 1165 1833 quolibet
1187 1784 1350 1820 instanti
1385 1784 1565 1828 existens,
1600 1796 1681 1819 non
1713 1793 1848 1820 tamen

537 1857 694 1893 semper
727 1853 783 1881 est
816 1844 856 1879 in
886 1844 1065 1892 quolibet
1097 1842 1275 1888 instanti,
1308 1854 1381 1878 nec
1413 1854 1607 1890 umquam
1640 1841 1680 1877 in
1713 1841 1848 1889 aliquo

537 1902 700 1939 instanti
732 1915 812 1939 non
845 1901 986 1948 existit,
1026 1902 1095 1937 sed
1127 1901 1166 1936 in
1199 1909 1285 1936 toto
1318 1908 1513 1948 tempore,
1554 1908 1591 1935 et
1623 1899 1734 1935 nulla
1766 1899 1848 1935 eius

607 2034 653 2059 24.
675 2030 719 2053 est
739 2025 857 2052 addidi.

612 2108 661 2129 12.
691 2099 743 2141 Cf.
777 2098 951 2129 Gilbertus
990 2097 1198 2128 porretanus
1236 2096 1301 2127 Sex
1340 2094 1450 2125 Princ.
1492 2094 1566 2125 Iib.
1610 2104 1683 2135 cap.
1714 2104 1737 2134 4
1768 2094 1848 2133 (Ed.

540 2145 647 2177 Arist.
667 2156 746 2185 opp.
772 2145 850 2176 Veii.
863 2145 939 2185 f.o
920 2145 1002 2186 33):
1033 2143 1180 2180 „Anima
1200 2143 1289 2173 enim
1312 2142 1499 2173 coniuncta
1518 2141 1661 2182 cor-poii
1686 2140 1850 2172 imitatur

539 2192 804 2232 complexiones
824 2192 944 2231 ipsius,
973 2195 1009 2221 ut
1027 2192 1110 2232 quia
1129 2188 1258 2221 aridae
1277 2190 1328 2220 vel
1346 2188 1486 2230 gelidae
1513 2187 1849 2229 compaginationis,

539 2238 773 2269 dementiores
791 2247 827 2270 se
845 2237 927 2278 ipsis
947 2237 979 2267 in
1000 2241 1172 2267 autumno
1183 2235 1279 2277 fiunt
1305 2244 1421 2275 saepe,
1448 2233 1567 2275 quibus
1595 2242 1676 2265 vero
1703 2235 1850 2275 sanguis

537 2284 775 2325 principatur,
802 2283 905 2315 vere'‘
932 2287 965 2314 et
991 2281 1170 2324 Porphyrii
1198 2282 1367 2322 Isagogen
1394 2289 1468 2321 cap.
1495 2279 1551 2310 IV.
1579 2279 1628 2310 De
1652 2279 1850 2310 Differentia

539 2331 622 2370 init„
651 2331 706 2361 ubi
731 2331 932 2362 meminisse
957 2329 1098 2361 videtur
1125 2328 1250 2370 'sz'clzf
1272 2336 1360 2369 quae
1386 2329 1650 2358 commentatur
1676 2329 1850 2357 Averroes

540 2377 622 2417 (Ed.
655 2387 734 2419 opp.
768 2377 878 2409 Arist
914 2375 992 2407 Ven.
1027 2376 1045 2407 I
1074 2375 1354 2416 5¹):Soc1ates
1392 2372 1513 2415 differt
1544 2382 1565 2402 a
1601 2373 1750 2403 Platone
1783 2381 1851 2412 per

540 2423 654 2465 ipsam
682 2423 969 2455 individuitatem
1004 2431 1092 2464 quae
1125 2422 1217 2452 inter·
1242 2420 1334 2461 ipsos
1367 2419 1488 2451 extitit
1508 2428 1577 2459 per·
1602 2428 1654 2457 se‚·
1680 2418 1851 2461 differunt

540 2479 673 2512 quoque
698 2470 770 2501 eius
789 2469 1036 2510 dispositiones
1063 2467 1095 2499 z'n
1122 2471 1231 2499 semet
1257 2467 1342 2519 ipso,
1369 2475 1445 2497 cum
1472 2463 1519 2496 sit
1537 2465 1746 2507 quandoque
1761 2474 1851 2506 pue>

541 2516 751 2557 quandoque
776 2515 842 2553 vir,
869 2519 902 2546 et
927 2524 1004 2546 cum
1032 2513 1167 2556 aliquid
1193 2517 1281 2555 agat
1307 2513 1339 2544 in
1368 2521 1436 2543 uno
1464 2515 1632 2552 tempore,
1659 2511 1753 2552 quod
1780 2520 1847 2542 non

540 2562 616 2604 agit
641 2562 674 2593 in
702 2562 772 2593 alio
798 2565 974 2602 tempore,·
1000 2564 1042 2598 et,
1069 2564 1107 2591 ut
1132 2559 1337 2591 summatim
1365 2557 1497 2595 dicam,
1524 2557 1656 2599 ia‚q110
1684 2556 1850 2600 differunt

542 2607 774 2646 substantiae,
812 2609 864 2639 vel
897 2616 963 2648 quo
995 2606 1166 2649 differunt
1198 2604 1447 2647 dispositiones
1481 2603 1581 2634 unius
1621 2603 1851 2639 substantiae,

542 2654 629 2685 illud
655 2654 819 2695 profecto
852 2653 983 2684 dicitur
1015 2652 1217 2695 differentia
1250 2651 1459 2682 communis.
1577 2648 1625 2679 16.
1661 2649 1713 2690 Cf.
1746 2649 1849 2679 Arist.

542 2700 616 2730 Nat.
649 2703 752 2730 Ausc.
778 2700 821 2730 VI
857 2700 873 2731 3
908 2699 969 2739 (2),
1001 2697 1021 2729 6
1054 2698 1134 2738 (Ed
1164 2699 1249 2729 Par
1283 2697 1320 2728 II
1351 2698 1427 2733 5³21,
1462 2697 1511 2728 47
1537 2698 1595 2731 ss.)
1629 2695 1707 2726 vide
1739 2704 1848 2735 supra

537 2748 719 2789 pag.189
745 2749 778 2778 et
803 2746 880 2783 194,
907 2750 938 2777 et
966 2744 1046 2776 ibid.
1073 2749 1153 2776 sect.
1186 2745 1223 2775 7.·
1253 2742 1356 2773 Sl'cr'r
1383 2738 1459 2772 ἐπεὶ
1492 2738 1530 2772 ἐν
1562 2743 1609 2783 τῷ
1645 2751 1709 2771 izv
1736 2737 1849 2771 ουθὲν

542 2790 681 2832 πέφυκε
706 2791 896 2826 κινεισθαι,
922 2789 1031 2831 δῆλον
1057 2789 1106 2826 ὡς
1132 2788 1208 2821 ουδ’
1227 2787 1382 2830 ἠρεμεῖν.
