2056 3234
221 161 346 196 Quaest.
368 161 404 189 11-
502 163 732 202 Quaestiones
758 162 891 203 logicae
918 168 950 192 et
976 160 1252 203 philosophicae.
1736 163 1810 199 241

220 278 257 305 et
289 278 424 306 tamen
456 282 534 305 non
559 277 650 305 sunt
674 268 851 304 eiusdem
874 267 1034 315 speciei,
1068 280 1158 304 cum
1182 267 1312 315 prima
1335 266 1385 302 sit
1408 279 1530 315 copu*

219 327 352 377 lativa,
393 322 518 363 altera
555 339 648 363 vero
689 325 945 371 disiunctiva3
984 337 1058 361 nec
1091 324 1299 361 diversitas
1338 324 1438 372 signi
1470 325 1530 361 vel

218 384 375 432 signati,
409 393 450 420 ut
483 393 591 432 patet
625 383 865 420 diversitatis
899 385 979 419 esor
1012 382 1136 419 currit
1167 383 1227 419 vel
1260 394 1342 418 non
1376 381 1529 429 currit’,

219 444 300 478 tsor
332 441 509 490 loquitur
542 451 609 478 aut
643 454 723 477 non
755 440 963 489 loqustur',
996 440 1063 476 ubi
1097 449 1155 476 est
1187 439 1395 476 diversitas
1428 439 1529 487 signi

187 502 257 536 5et
288 499 446 547 signati,
481 508 518 536 et
550 508 684 536 tamen
717 507 887 547 utraque
920 507 977 535 est
1010 497 1249 534 disiunctiva
1272 510 1294 534 a
1316 496 1529 545 principali

220 558 352 603 modo,
393 557 560 594 scilicet:
601 557 690 594 ‘vel'
725 565 762 592 et
794 559 892 593 ‘aut'
926 555 1178 603 disiungendi
1210 555 1297 591 illas
1328 554 1528 591 veritates.

277 616 595 651 CORROLARIUM:
630 615 748 660 Quod
781 613 986 651 diversitas
1021 622 1132 649 actus
1165 612 1399 661 principalis
1422 611 1530 660 prin·
1559 618 1626 646 The
1647 619 1810 658 difl'erepce

220 671 339 720 cipali
371 671 530 708 formali
562 671 603 708 in
634 672 864 720 ypothetica
887 671 1117 719 designatus
1141 671 1235 707 facit
1259 670 1529 706 diversitatem
1546 653 1819 722 Οξςῐῑῂξρὲἷέἒξιξὲι

220 729 443 778 specierum
466 729 802 777 ypotheticarum.
826 732 880 765 Ex
900 742 978 777 quo
1001 729 1182 777 sequitur
1204 727 1384 774 ulterius,
1408 728 1529 775 quod,
1581 723 1799 784 ἀῗέῑῖξὲᾗὲἒξῑ

168 787 252 824 10si
291 787 332 823 in
369 800 448 823 una
486 787 716 835 ypothetica
764 786 886 823 mixta
926 795 1041 823 erunt
1085 787 1218 835 plures
1263 786 1361 822 tales
1405 794 1529 830 actus,
1594 791 1773 830 hypothetic

221 847 330 893 quod
374 858 395 881 a
439 845 652 894 principali
698 846 818 881 modo
862 845 923 881 vel
967 853 1060 880 actu
1104 844 1144 880 in
1188 843 1257 880 tali
1301 842 1532 891 ypothetica
1617 835 1746 861 spemes.

222 902 428 951 designato
461 903 656 939 sumenda
689 911 746 939 est
769 902 941 950 species3
976 910 1013 938 et
1038 914 1130 950 ergo
1154 902 1375 938 secundum
1401 900 1532 936 multi-

221 961 400 997 tudinem
433 961 493 997 vel
525 960 771 1008 paucitatem
805 960 946 996 talium
980 961 1192 996 modorum
1225 958 1389 995 uniendi
1417 966 1533 995 erunt

221 1020 354 1067 plures
388 1026 426 1055 et
458 1018 669 1066 pauciores
701 1017 929 1066 ypothetice
962 1026 1036 1054 etc.

168 1079 204 1110 15
279 1077 541 1113 CONCLUSIO:
592 1077 741 1112 Omnes
796 1075 1025 1124 ypothetice
1081 1076 1131 1111 ad
1186 1086 1328 1111 novem
1382 1073 1533 1121 species
1560 1079 1609 1106 All
1632 1078 1811 1118 liypotlietic

222 1134 347 1182 magis
388 1134 563 1170 famosas
602 1133 750 1170 directe
789 1142 880 1169 sunt
919 1132 1167 1169 seducibiles.
1214 1133 1346 1168 Patet:
1387 1132 1436 1167 ad
1475 1140 1533 1168 tot
1550 1118 1825 1184 ωὲἓοὲξῗὲἕὲἒρά

221 1191 373 1239 species
406 1200 497 1227 sunt
530 1191 782 1237 seducibiles,
817 1200 915 1239 quot
943 1199 1035 1227 sunt
1058 1190 1167 1227 modi
1192 1189 1335 1226 diversi
1358 1188 1533 1237 specifici
1549 1188 1579 1210 ‘0
1601 1183 1671 1210 nine
1695 1183 1824 1218 species.

223 1249 492 1297 coniungendi
520 1249 706 1285 veritates
730 1250 780 1285 ad
803 1250 896 1295 hoc3
931 1251 998 1285 sed
1021 1261 1165 1285 novem
1189 1256 1280 1284 sunt
1303 1247 1399 1283 tales
1423 1247 1534 1283 modi

222 1306 397 1355 specifici
420 1306 611 1352 distincti,
635 1316 677 1342 ut
699 1316 795 1355 puta
814 1308 958 1343 modus
974 1305 1249 1352 disiunctivus,
1267 1304 1550 1351 concessivus„

166 1378 207 1399 20
223 1364 495 1414 explficativus,
529 1364 841 1412 comparativus,
876 1363 1180 1415 condicionalis,
1204 1363 1356 1410 localis,
1380 1371 1535 1411 tempo-

224 1423 330 1469 ralis,
365 1422 578 1459 racionalis
611 1431 648 1458 et
681 1422 869 1459 causalis:
905 1435 999 1470 ergo
1033 1421 1238 1458 conclusio
1270 1433 1377 1457 vera.

279 1482 530 1519 Antecedens
562 1481 757 1528 probatur
788 1493 859 1528 per
890 1479 1181 1517 sufficieuciam
1206 1487 1459 1527 sequentem:
1494 1480 1535 1514 In
1562 1484 1759 1523 Description
1780 1485 1816 1512 of

223 1538 334 1575 omni
365 1538 649 1586 proposicione
683 1537 914 1586 ypothetica
936 1551 1017 1574 una
1039 1536 1269 1586 proposicio
1294 1519 1600 1585 supponiturthe
1620 1527 1690 1546 nme
1714 1520 1821 1546 modes

223 1596 338 1632 alteri
371 1597 591 1632 secundum
626 1595 801 1645 aliquem
836 1597 1000 1632 modum
1031 1594 1216 1631 uniendi:
1251 1604 1319 1631 aut
1343 1607 1435 1642 ergo
1458 1607 1538 1630 una

166 1655 206 1687 25
223 1653 463 1702 supponitur
502 1653 617 1690 alteri
657 1656 706 1690 ad
747 1654 1036 1701 seiungendum
1070 1666 1229 1690 sensum
1264 1666 1286 1689 a
1318 1665 1435 1689 sensu
1468 1661 1536 1688 aut

224 1713 273 1748 ad
313 1711 637 1760 coniungendum
678 1724 837 1748 sensum
877 1724 1022 1748 sensm.
1069 1711 1110 1748 Si
1148 1711 1340 1759 primum,
1385 1710 1440 1747 sic
1481 1718 1537 1746 est
1574 1715 1597 1743 Ι.
1619 1714 1814 1751 disjunctive,

224 1769 475 1816 disiuncfiva,
511 1778 553 1806 ut
587 1770 774 1806 dicendo:
809 1771 898 1817 ‘ego
931 1782 1016 1806 sum
1052 1769 1114 1805 vel
1146 1782 1225 1805 non
1257 1770 1380 1815 sum’3
1414 1768 1446 1804 si
1478 1780 1537 1804 se-

225 1829 414 1874 cundum,
448 1837 516 1864 aut
549 1829 599 1864 ad
633 1827 955 1875 coniungendum
990 1827 1171 1864 absolute
1204 1840 1284 1863 non
1316 1826 1536 1863 secundum

226 1887 389 1922 modum
424 1885 692 1934 respectivum
726 1898 862 1922 sensus
896 1887 945 1921 ad
978 1898 1151 1930 sensum,
1186 1893 1255 1921 aut
1287 1885 1337 1920 ad
1371 1883 1537 1920 coniun-

168 1946 209 1977 30
225 1945 399 1991 gendum
422 1945 642 1979 secundum
667 1944 788 1979 talem
805 1945 969 1979 modum
986 1942 1264 1991 respectivum.
1289 1941 1330 1978 Si
1346 1941 1536 1990 primum,
1568 1947 1605 1974 ΙΙ.
1626 1947 1809 1982 copulative,

225 2001 280 2037 sic
314 2009 370 2037 est
415 2001 654 2049 copulativa,
695 2010 737 2037 ut
778 2001 967 2037 dicendo:
1007 2003 1128 2037 ‘Deus
1167 2009 1238 2047 est,
1279 2008 1315 2036 et
1355 2008 1537 2036 centrum

226 2061 435 2095 movetur³.
476 2058 517 2095 Si
561 2060 794 2105 secundum,
833 2058 997 2105 scilicet,
1037 2060 1144 2107 quod
1188 2071 1265 2094 una
1310 2056 1538 2106 proposicio

225 2116 464 2164 supponitur
488 2116 616 2163 alteri,
640 2118 691 2153 ad
714 2116 1036 2164 coniungendum
1062 2128 1221 2152 sensum
1243 2115 1377 2151 sensui
1398 2128 1537 2151 secun-

226 2176 320 2210 dum
338 2175 504 2210 modum
520 2174 799 2222 respectivum,
823 2175 899 2210 hoc
915 2183 972 2210 est
988 2173 1215 2222 dupliciter,
1236 2174 1297 2210 vel
1315 2174 1534 2209 secundum

169 2233 209 2266 35
227 2233 392 2268 modum
427 2232 693 2280 respectivum
718 2233 1022 2280 quodammodo
1044 2232 1105 2268 vel
1128 2233 1346 2268 secundum
1373 2231 1537 2267 modum

185 2328 188 2331 ,
228 2289 494 2338 respectivum
528 2289 777 2338 simpliciter.
824 2290 864 2326 Si
898 2290 1088 2338 primum,
1122 2289 1178 2325 sic
1212 2297 1269 2325 est
1303 2287 1602 2336 explicativaIlI.
1632 2293 1822 2328 explicativc.

227 2357 269 2383 ut
302 2347 473 2384 dicendo
507 2350 594 2395 ‘ego
628 2349 884 2395 respondeo³,
924 2347 1075 2384 scilicet
1115 2346 1323 2394 responsio
1357 2359 1446 2383 mea
1479 2355 1537 2382 est

80 2406 119 2438 F.
140 2405 212 2447 184¹
228 2417 412 2453 persona.
434 2401 436 2458 l
457 2405 498 2441 Si
521 2407 756 2452 secundum,
781 2405 931 2442 scilicet
947 2406 1166 2442 secundum
1193 2406 1357 2441 modum
1382 2416 1538 2451 respec—

228 2463 353 2499 tivum
369 2463 617 2511 simpliciter,
644 2465 719 2499 hoc
736 2472 792 2500 est
808 2463 1033 2511 dupliciter,
1051 2463 1110 2499 vel
1126 2464 1348 2499 secundum
1372 2463 1535 2498 modum

168 2532 213 2562 40
229 2520 508 2568 respectivum,
549 2521 617 2569 qui
650 2533 720 2569 per
752 2534 792 2557 se
825 2530 882 2557 est
922 2520 1179 2569 respectivus,
1218 2521 1279 2557 vel
1316 2520 1535 2556 secundum

230 2579 393 2614 modum
411 2579 693 2626 respectivum,
718 2579 785 2627 qui
804 2592 884 2615 non
898 2591 969 2627 per
985 2592 1025 2615 se
1041 2587 1098 2615 est
1113 2578 1370 2626 respectivus,
1387 2577 1539 2613 scilicet

229 2649 298 2683 per
322 2637 397 2672 hoc
420 2646 623 2684 respectus
647 2636 778 2684 ipsum
813 2636 1112 2673 concomitatur
1144 2635 1371 2672 necessario
1404 2643 1441 2671 et
1474 2636 1540 2670 de-

299 2789 338 2808 10.
361 2782 464 2816 plures
485 2781 528 2808 bis
548 2781 577 2809 in
598 2781 667 2808 eod.

1364 2828 1401 2860 16
