2056 3234
222 189 295 233 ¹46
942 193 1166 225 JOHANle
1194 193 1359 224 wlcmF
1623 188 1712 216 cm».
1734 188 1814 216 xv1.

237 308 305 348 The
325 308 467 335 universe
562 301 761 345 Secundo,
804 308 946 336 notato
998 300 1203 347 quomodo
1248 311 1410 335 omnem
1456 297 1662 334 accionem
1708 306 1817 334 tran-

227 351 362 406 ῑῗῖἓΐῇᾓξῗ
382 343 477 405 ξζῧῗῇ
504 367 685 395 seuntem
719 367 880 406 oportet
922 358 1142 405 procedere
1185 357 1233 393 ab
1267 365 1358 392 actu
1394 355 1655 401 immanente,
1693 364 1815 403 patet,

504 417 611 465 quod
644 425 803 464 oportet
835 424 961 452 totam
996 414 1298 451 universitatem
1333 413 1559 450 sensibilem
1592 413 1763 461 produci
1795 425 1817 450 a

505 474 636 522 prima
658 474 839 511 veritate,

233 540 361 568 Created
384 540 474 575 being
564 534 612 568 Et
627 532 765 578 tercio,
797 540 841 568 ut
873 531 949 568 ista
984 530 1152 567 materia
1183 530 1342 578 planius
1367 529 1618 578 concipiatur
1641 542 1711 577 per
1734 542 1819 565 mo-
1836 546 1851 568 :J

261 575 443 645 dlgffieiaezugf
506 592 602 627 dum
643 589 848 634 narrandi,
887 589 1125 635 notandum,
1171 590 1281 636 quod
1328 601 1390 624 res
1434 597 1566 624 creata
1599 588 1819 624 secundum

251 645 449 681 production.
507 649 755 697 quadruplex
793 661 909 684 suum
944 659 1027 684 esse
1060 648 1180 683 habet
1220 655 1410 695 quattuor
1443 647 1588 694 gradus
1621 645 1819 682 notabiles

505 706 770 755 producendi.

238 773 470 813 a)1ntelligible
565 764 702 801 Primo
736 763 842 801 enim
874 762 1111 811 producitur
1134 775 1254 799 omne
1277 761 1529 810 producibile
1558 757 1562 815 Ι
1592 774 1613 798 a
1646 764 1731 799 Deo
1769 763 1819 799 ad
1836 769 1969 810 F.224¹

304 809 403 843 benig,
506 822 612 859 intra
644 824 865 859 secundum
911 833 995 857 esse
1034 821 1296 868 intelligibile,
1351 830 1387 857 et
1431 820 1561 856 omnis
1605 820 1696 857 talis
1728 833 1878 869 pro-10

507 880 649 917 duccio
695 890 751 917 est
796 879 976 916 absolute
1021 879 1260 925 necessaria,
1306 891 1553 927 consequens
1597 878 1821 915 formaliter

506 939 684 987 primum
719 950 879 975 necesse
914 949 1010 974 esse.

226 1006 252 1040 h)
276 1005 478 1045 existencein
565 998 752 1034 Secundo
786 997 907 1032 modo
939 995 1179 1043 producitur
1222 1008 1283 1032 res
1322 996 1543 1032 secundum
1578 1007 1662 1032 esse
1694 995 1821 1032 inten-

214 1041 265 1068 the
285 1046 437 1106 ’Πᾷῗᾎῖοῃ
460 1041 676 1101 Ofcionale,
711 1068 801 1091 cum
826 1056 932 1090 Deus
960 1053 1133 1090 intendit
1166 1061 1203 1089 et
1234 1053 1301 1089 wlt
1331 1053 1560 1090 eternaliter
1592 1066 1676 1089 rem
1710 1053 1819 1090 illam

506 1126 586 1149 non
620 1114 751 1149 solum
784 1113 883 1159 fore,
918 1112 986 1148 sed
1021 1111 1186 1148 existere
1220 1111 1430 1148 actualiter
1462 1124 1534 1148 suo
1557 1120 1752 1160 tempore,
1786 1117 1878 1150 et15

506 1171 638 1207 omnis
671 1171 761 1208 talis
795 1170 1017 1219 produccio
1063 1179 1121 1206 est
1155 1169 1406 1217 contingens,
1460 1171 1528 1206 sed
1574 1178 1729 1216 eterna;
1786 1179 1823 1207 et

507 1229 639 1265 omnis
671 1229 762 1266 talis
795 1228 1067 1277 producencia
1098 1228 1159 1264 vel
1192 1228 1427 1276 produccio,
1467 1241 1557 1264 cum
1592 1228 1641 1264 sit
1674 1229 1823 1265 adduc-

507 1287 600 1334 tiva,
645 1300 727 1324 non
771 1286 972 1336 operacio,
1025 1286 1116 1322 licet
1161 1288 1210 1322 ab
1254 1286 1454 1334 aliquibus
1492 1295 1669 1333 vocetur,
1714 1287 1821 1334 facit,

507 1345 609 1382 sicut
643 1348 749 1382 Deus
783 1344 1015 1397 eternaliter
1045 1344 1141 1381 facit
1172 1357 1237 1381 me
1268 1344 1365 1381 fore.

281 1419 306 1453 c)
327 1414 425 1454 actu-al
565 1404 710 1440 Tei-cio
744 1405 865 1440 modo
897 1402 1135 1451 producitur
1169 1415 1230 1439 res
1262 1402 1303 1438 in
1337 1415 1419 1439 esse
1454 1403 1602 1440 actuali
1626 1405 1675 1440 ad
1701 1412 1822 1451 extra,
1840 1418 1881 1439 20

218 1454 375 1523 &³⁵32ssle
392 1447 494 1511 1Onrthe
509 1463 618 1510 quod
652 1474 735 1499 esse
767 1470 934 1498 vocatur
979 1473 1063 1498 esse
1096 1460 1276 1497 existere.
1330 1463 1379 1497 Et
1412 1462 1487 1498 hoc
1525 1461 1719 1510 contingit
1752 1463 1823 1498 du-

293 1521 422 1558 specieS,
509 1520 687 1568 pliciter:
720 1521 781 1557 vel
814 1520 853 1556 in
886 1532 958 1555 suo
991 1531 1149 1567 genere,
1189 1519 1322 1567 specie
1354 1520 1414 1556 vel
1447 1519 1611 1556 racione
1643 1519 1820 1568 speciali,

509 1588 545 1615 et
579 1578 655 1615 isto
689 1579 810 1614 modo
848 1590 988 1614 omnes
1033 1586 1216 1613 creature
1259 1578 1454 1625 producte
1497 1586 1588 1614 sunt
1633 1579 1682 1614 ad
1716 1587 1824 1615 extra

507 1637 546 1673 in
591 1636 722 1685 primo
760 1635 926 1672 instanti
970 1635 1123 1672 mundi.
1176 1638 1278 1672 Nam
1323 1636 1557 1684 genealogia
1599 1636 1660 1673 vel
1704 1638 1823 1673 arbor

509 1694 734 1731 successiva
782 1694 994 1730 cuiuslibet
1037 1693 1185 1741 speciei
1218 1693 1413 1731 naturalis
1453 1694 1593 1730 habuit
1625 1703 1720 1731 tunc
1754 1694 1823 1731 ali·
1840 1698 1878 1729 25

508 1766 629 1801 quam
676 1761 831 1801 partem
878 1751 1139 1788 subiectivam
1185 1752 1245 1788 vel
1278 1751 1482 1789 racionem
1516 1753 1733 1799 causalem,
1786 1761 1824 1789 et

508 1812 558 1847 ad
593 1812 697 1847 hunc
730 1823 888 1847 sensum
923 1809 1093 1846 intendit
1126 1811 1265 1847 beatus
1287 1810 1546 1858 Augustinus,
1580 1812 1688 1859 quod
1704 1813 1823 1858 Deus,

509 1868 577 1917 qui
608 1868 703 1906 vivit
735 1868 775 1904 in
809 1877 1006 1915 eternum,
1060 1868 1209 1905 creavit
1242 1869 1377 1905 omnia
1422 1868 1554 1915 simul,
1599 1878 1642 1905 ut
1677 1869 1823 1905 dicitur

508 1927 615 1965 Ecci.
657 1927 739 1963 180.
774 1929 822 1962 Et
856 1926 973 1963 istam
1005 1939 1105 1963 voco
1138 1939 1210 1974 ego
1243 1927 1525 1975 operacionem
1561 1927 1633 1963 Dei
1667 1927 1823 1963 confor-

509 1985 628 2021 miter
661 1997 751 2021 cum
786 1986 904 2021 beato
936 1984 1161 2032 Augustino
1195 1993 1231 2021 et
1264 1985 1475 2033 scriptura,
1512 1994 1548 2022 et
1581 1998 1603 2022 a
1635 1985 1705 2022 tali
1729 1998 1824 2034 ope-
1840 1990 1881 2022 30

509 2043 672 2079 racione
691 2042 857 2080 cessavit
874 2045 979 2079 Deus
1002 2055 1082 2079 non
1098 2044 1308 2079 condendo
1333 2056 1476 2080 novam
1493 2043 1665 2091 speciem
1683 2043 1746 2080 die
1763 2047 1822 2091 70,

509 2110 552 2137 ut
595 2101 742 2137 dicitur
782 2102 878 2137 Gen.
919 2100 1064 2148 primo.
1110 2103 1341 2150 Numquam
1387 2102 1492 2138 enim
1537 2110 1626 2150 post
1669 2110 1820 2138 sextum

509 2159 613 2195 diem
650 2159 867 2207 quicquam
902 2159 1007 2205 fecit,
1061 2159 1136 2195 nisi
1182 2161 1289 2207 quod
1336 2169 1428 2196 ante
1460 2160 1647 2208 produxit
1680 2160 1720 2196 in
1753 2172 1824 2196 sua

510 2230 630 2253 causa
663 2217 855 2265 generali,
888 2218 948 2253 vel
981 2217 1159 2266 speciali,
1191 2218 1252 2254 vel
1286 2218 1483 2263 seminali,
1517 2219 1578 2254 vel
1611 2217 1821 2254 materiali.

243 2290 272 2322 d)
293 2288 464 2316 individual
568 2276 645 2311 Sed
679 2284 823 2323 quarto
858 2277 978 2311 modo
1001 2275 1187 2323 produxit
1211 2278 1317 2312 Deus
1350 2285 1576 2313 creaturam
1601 2277 1822 2312 secundum
1840 2279 1879 2311 35

276 2324 438 2351 existence.
509 2333 714 2381 propriam
740 2333 996 2370 existenciam
1020 2334 1080 2370 vel
1103 2334 1323 2371 successive
1345 2336 1406 2371 vel
1428 2334 1559 2370 subito
1581 2335 1708 2370 solum
1734 2347 1825 2382 pro-

510 2391 620 2427 ducit
652 2404 726 2439 pro
759 2391 827 2427 illo
860 2391 1040 2428 instanti.
1082 2404 1160 2440 que
1199 2392 1330 2440 primo
1364 2402 1549 2429 creatura
1582 2394 1701 2429 habet
1733 2405 1825 2440 pro-

509 2449 638 2497 priam
657 2449 927 2486 existenciam.
962 2452 1009 2485 Et
1032 2450 1179 2486 tercius
1214 2452 1355 2486 modus
1388 2450 1636 2498 producendi
1659 2459 1825 2487 vocatur

510 2520 532 2543 a
565 2507 796 2544 doctoribus
828 2520 928 2555 opus
962 2507 1211 2544 condicionis
1265 2509 1342 2544 Sed
1375 2509 1448 2545 iste
1482 2518 1648 2557 quartus
1682 2510 1824 2545 modus

770 2654 804 2663 Α

580 2677 625 2703 26.
650 2675 744 2703 Cod.:
770 2660 937 2703 3031&
959 2666 1032 2704 5313
1106 2676 1148 2704 32.
1172 2676 1267 2704 Confi.-
1293 2685 1332 2713 p9
1354 2664 1405 2719 q'ffi
1427 2678 1477 2705 (im.

581 2779 634 2814 29.
655 2772 760 2803 Eccli.
780 2774 835 2810 18,
854 2774 889 2803 1.·
920 2770 988 2809 Qui
1014 2773 1101 2804 vivit
1127 2773 1161 2804 in
1189 2777 1387 2812 aeternum,
1414 2773 1553 2805 creavit
1571 2773 1691 2805 omnia
1712 2774 1824 2805 simul.

512 2818 566 2850 32.
595 2817 679 2850 Gen.
709 2819 730 2848 2
756 2820 837 2857 (nm
864 2821 907 2858 1),
936 2819 970 2849 3.
