2056 3234
239 185 312 220 150

958 191 1181 223 JOHANNIS
1209 190 1375 221 WICLIF
1635 187 1723 214 CAP.
1745 186 1826 213 XVI.

519 298 575 334 sic
608 297 756 345 ubique
791 306 849 333 est
881 297 966 345 ipse
999 308 1180 341 causans,
1221 308 1311 332 cum
1343 308 1424 332 non
1457 297 1577 332 habet
1610 295 1826 341 racionem,

520 357 739 392 secundum
780 367 901 403 quam
941 354 1043 391 foret
1075 353 1234 399 alicubi,
1280 353 1355 389 nisi
1393 363 1558 401 propter
1590 366 1702 389 suam
1736 366 1828 389 cau-

520 413 718 459 sanciam3
753 412 980 449 substancie
1015 412 1120 449 enim
1154 411 1415 447 indivisibiles
1448 424 1531 447 non
1563 412 1712 447 habent
1745 423 1828 447 esse

520 471 679 517 alicubi,
720 470 796 507 nisi
829 469 990 506 racione
1022 469 1276 518 operacionis
1308 481 1377 505 sue
1409 470 1469 506 vel
1502 481 1572 505 sue
1605 469 1828 508 causancie.

578 530 671 565 Ideo
703 529 765 565 vel
797 540 898 575 nega
931 530 1059 564 Deum
1094 539 1177 563 esse
1211 526 1358 564 alicubi
1391 528 1451 563 vel
1485 528 1658 563 concede
1697 527 1827 574 ipsum
1847 529 1863 561 f>

520 599 604 623 esse
643 586 804 634 ubique.
857 585 935 631 Qui
974 594 1108 621 autem
1149 587 1292 621 modus
1331 597 1477 633 negare
1510 587 1637 621 Deum
1683 584 1830 621 alicubi

520 656 605 681 esse
648 656 707 690 eo,
756 645 865 692 quod
909 643 1104 679 nullicubi
1150 652 1207 679 est
1252 642 1611 689 dimensionaliter,
1666 643 1830 679 haberet

521 714 666 750 negare
718 701 849 749 ipsum
903 713 1020 749 agere
1064 702 1125 737 vel
1171 713 1349 747 causare,
1398 700 1492 748 quia
1536 699 1730 736 nullicubi
1775 700 1830 736 sic

521 759 615 796 facit
647 759 815 795 univoce
849 771 939 795 cum
974 767 1172 795 creatura.
1206 758 1334 794 Nimis
1358 770 1451 806 ergo
1486 758 1625 794 leviter
1656 757 1829 805 sapiunt,

522 817 589 866 qui
629 817 768 853 dicunt
807 829 891 853 rem
930 816 1124 853 nullicubi
1164 829 1248 853 esse
1288 829 1347 862 eo,
1394 818 1501 865 quod
1540 815 1733 852 nullicubi
1774 824 1831 852 est
1851 829 1889 849 10

523 875 881 920 dimensionaliter,
906 874 1001 923 quia
1023 883 1117 910 tunc
1141 874 1337 922 quotlibet
1360 875 1487 911 forme
1509 873 1799 910 substanciales
1826 870 1829 926 Ι
1848 877 1885 907 F.
1905 876 1975 908 225¹

523 933 791 970 accidentales
824 945 1046 980 numquam
1082 941 1224 968 essent.
1259 932 1493 980 Philosophi
1518 941 1655 968 tamen
1679 931 1830 976 dicunt,

527 992 634 1039 quod
668 1003 744 1039 que
775 1003 974 1039 nusquam
1009 999 1113 1035 sunt,
1152 1003 1373 1038 numquam
1410 999 1513 1036 sunt,
1551 1003 1644 1037 ymo
1676 998 1833 1038 ponunt

525 1049 670 1085 multos
704 1050 845 1085 modos
879 1048 1035 1084 essendi
1068 1048 1184 1084 unius
1217 1048 1273 1084 rei
1306 1048 1346 1083 in
1370 1047 1458 1084 alia.
1495 1049 1608 1084 Unde
1630 1048 1832 1084 naturales

524 1106 768 1155 philosophi,
810 1119 853 1142 ex
887 1115 999 1142 motu
1040 1118 1130 1142 eum
1170 1105 1450 1142 convincentes
1490 1106 1685 1151 dixerunt,
1725 1106 1833 1153 quod
1852 1107 1888 1139 15

524 1164 596 1201 fuit
640 1164 848 1212 potissime
888 1163 928 1199 in
968 1163 1118 1200 circulo
1163 1157 1419 1212 equinoxiali,
1466 1164 1560 1211 quia
1604 1163 1657 1199 ibi
1701 1164 1830 1199 solum

525 1224 692 1259 credunt
726 1234 809 1258 esse
842 1222 1032 1258 fontalem
1068 1231 1105 1257 et
1138 1234 1341 1258 summum
1375 1223 1543 1270 gradum
1580 1231 1731 1267 motus3
1764 1222 1833 1258 sed

524 1281 555 1317 si
586 1280 819 1316 immediate
853 1288 991 1316 causat
1024 1279 1219 1328 quidlibet
1252 1289 1474 1325 causatum,
1508 1288 1618 1327 patet
1642 1279 1833 1328 consequi

526 1338 660 1386 ipsum
704 1350 788 1374 esse
833 1338 1001 1386 ubique3
1054 1337 1144 1374 ideo
1194 1337 1523 1385 meffiaphisicus,
1574 1337 1833 1374 considerans

526 1399 653 1433 Deum
698 1397 772 1432 sub
816 1395 977 1432 racione
1023 1395 1227 1439 causandi,
1274 1397 1393 1432 habet
1438 1395 1582 1441 dicere,
1628 1397 1736 1444 quod
1776 1405 1892 1432 est2o

526 1453 688 1503 ubique,
742 1453 845 1490 sicut
896 1454 1112 1499 naturales,
1167 1453 1469 1490 considerantes
1523 1462 1565 1490 ut
1618 1463 1832 1499 motorem,

526 1513 679 1558 dicunt,
712 1513 820 1560 quod
852 1513 1073 1548 secundum
1106 1511 1344 1560 originalem
1380 1512 1462 1548 eius
1497 1511 1746 1548 movenciam
1779 1520 1835 1548 est

526 1571 567 1607 in
607 1570 707 1616 celo,
755 1578 791 1606 et
829 1582 909 1605 non
953 1569 992 1605 in
1031 1578 1149 1615 terra,
1195 1578 1236 1605 ut
1276 1578 1385 1617 patet
1425 1570 1470 1606 80
1505 1569 1754 1606 Phisicorum
1795 1569 1835 1605 in

527 1628 617 1664 fine.
643 1630 747 1675 Ergo
764 1630 868 1664 Deus
893 1628 1004 1664 adest
1027 1627 1143 1663 nobis
1166 1640 1321 1664 summe
1345 1627 1484 1664 intime
1508 1627 1664 1673 illassis,
1682 1627 1782 1664 sicut
1798 1636 1835 1663 et

526 1685 714 1722 omnibus
748 1685 919 1722 causatis
944 1697 989 1721 eo
1013 1685 1115 1733 ipso,
1149 1687 1257 1734 quod
1289 1695 1393 1721 sunt.
1429 1686 1542 1722 Unde
1561 1687 1735 1722 Actuum
1767 1689 1833 1722 100
1852 1687 1891 1719 25

528 1743 623 1780 dicit
645 1744 863 1791 Apostolus
887 1743 1196 1779 Atheniensibus
1229 1745 1276 1779 de
1310 1746 1393 1779 Deo
1427 1743 1578 1790 ignoto,
1613 1745 1722 1792 quod
1755 1756 1836 1780 non

527 1803 644 1850 longe
667 1803 776 1838 deest
799 1803 847 1837 ab
871 1814 1115 1849 unoquoque
1144 1813 1296 1837 eorum.
1322 1804 1392 1838 “ln
1415 1801 1502 1849 ipso
1526 1801 1630 1838 enim
1654 1801 1836 1847 vivimus,

530 1873 738 1896 movemur
771 1868 808 1895 et
840 1860 1020 1904 sumus''‚
1061 1859 1174 1907 quasi
1214 1859 1310 1895 dicit
1343 1862 1448 1895 Deus
1482 1868 1539 1896 est
1571 1861 1683 1896 locus
1721 1859 1837 1908 spiri-

530 1917 691 1954 tualiter
715 1916 951 1965 contingens
975 1927 1011 1953 et
1034 1917 1167 1954 taliter
1191 1926 1416 1954 sustentans
1440 1917 1675 1964 essenciam,
1699 1927 1835 1954 actum

531 1975 707 2024 primum
736 1975 899 2011 vitalem
934 1984 971 2011 et
1003 1984 1136 2011 actum
1170 1977 1390 2011 secundum
1425 1988 1734 2024 quemcumque.
1769 1978 1837 2012 Est
1853 1976 1895 2008 30

531 2033 634 2070 enirn
656 2036 762 2069 Deus
786 2033 930 2069 veritas
954 2032 1098 2080 prima,
1133 2046 1252 2082 quam
1280 2033 1489 2069 metafisici
1512 2043 1655 2070 vocant
1678 2046 1838 2070 necesse

531 2103 627 2137 esse,
662 2104 684 2128 a
707 2104 786 2139 qua
810 2090 1047 2138 producitur
1069 2100 1154 2128 tota
1177 2091 1415 2127 universitas
1448 2101 1595 2137 creata,
1629 2101 1837 2141 tamquam

529 2149 676 2185 veritas
709 2150 757 2185 ab
791 2161 837 2185 eo
872 2148 1060 2194 divinata,
1100 2149 1167 2194 ita,
1207 2151 1315 2197 quod
1354 2162 1494 2185 omnes
1527 2159 1710 2186 creature
1748 2158 1839 2186 sunt

531 2207 645 2255 quasi
677 2207 958 2242 indumentum
993 2207 1075 2243 eius
1100 2216 1136 2243 et
1159 2207 1242 2255 ipse
1277 2207 1381 2243 basis
1415 2207 1597 2253 cuilibet;
1630 2207 1720 2244 ideo
1744 2207 1839 2243 01101ἔ

531 2274 594 2301 tur
627 2265 767 2312 plenus
800 2263 978 2301 veritatis
1008 2267 1062 2301 Io.
1098 2264 1243 2312 primo,
1278 2265 1427 2301 habens
1460 2277 1601 2301 omnes
1635 2274 1839 2301 creaturas
1856 2264 1894 2298 35

531 2322 645 2370 quasi
670 2321 1001 2358 circumstancias
1025 2324 1073 2359 ab
1097 2335 1143 2359 eo
1167 2324 1452 2370 dependentes,
1476 2322 1579 2359 sicut
1602 2322 1839 2359 universitas

532 2380 806 2417 accidencium
843 2381 1041 2428 dependet
1074 2393 1095 2416 a
1128 2380 1370 2417 substancia.
1406 2382 1519 2418 Unde
1553 2381 1712 2417 Psalmo
1743 2382 1838 2417 105Ο

533 2437 678 2474 dicitur
709 2437 879 2474 amictus
912 2437 1075 2484 lumine,
1109 2437 1150 2474 id
1183 2447 1240 2474 est
1271 2438 1400 2474 forma
1433 2447 1566 2474 creata
1599 2439 1701 2475 sicut
1723 2438 1840 2475 vesti-

534 2504 689 2541 ment03
724 2504 760 2531 et
782 2497 854 2531 Job
878 2499 952 2541 400
979 2497 1083 2532 Deus
1117 2497 1330 2532 ostendens
1364 2496 1671 2533 inferioritatem
1694 2498 1766 2533 Job
1790 2498 1839 2533 ad

650 2620 739 2663 ..Cf
758 2621 850 2651 Arist
868 2621 943 2651 Nat.
970 2622 1073 2652 Ausc.
1092 2621 1166 2652 VIII
1191 2631 1239 2661 10,
1266 2632 1285 2658 o
1313 2621 1395 2661 (Ed.
1422 2621 1505 2653 Par
1533 2621 1572 2653 II
1596 2622 1683 2660 366,
1702 2622 1841 2663 415.·5)

538 2662 590 2697 Τὸ
610 2664 675 2697 δέ
666 2676 704 2706 γε
721 2668 868 2707 πρῶτον
885 2669 1018 2706 κινοῦν,
1044 2665 1163 2698 ἀίδιον
1181 2668 1271 2698 κινεῖ
1286 2665 1435 2708 κίνησιν,
1452 2664 1512 2698 καὶ
1529 2665 1679 2708 ἄπειρον
1695 2665 1838 2709 χοόνον·

536 2708 696 2753 φανερὸν
721 2711 853 2754 τοίνυν,
879 2708 934 2744 ὅτι
959 2711 1165 2755 ἀδιαίρετόν
1190 2710 1265 2745 ἐστι
1289 2711 1349 2744 καὶ
1374 2711 1513 2755 ἀμερὲς,
1545 2711 1605 2744 καὶ
1629 2711 1737 2745 οὐδὲν
1761 2711 1842 2756 ἔχον

534 2756 697 2799 μέγεθος.
771 2769 823 2799 24.
842 2761 895 2801 Cf.
905 2761 979 2791 Act.
990 2761 1041 2798 17,
1057 2760 1113 2791 27.
1188 2760 1240 2792 25.
1255 2763 1328 2791 Act.
1337 2761 1389 2799 17,
1400 2761 1454 2792 28.
1529 2760 1582 2793 35.
1597 2760 1653 2792 .]0.
1667 2763 1693 2797 1,
1710 2763 1774 2792 9et
1789 2761 1840 2793 12

537 2806 589 2846 37.
613 2805 668 2836 Ps.
684 2806 756 2836 103
769 2807 850 2843 (non
868 2806 953 2846 105)
968 2807 999 2836 2.
1080 2807 1131 2848 39.
1146 2806 1222 2838 Job.
1240 2807 1300 2844 40,
1317 2808 1421 2845 4—9‚
1439 2810 1580 2838 contere
1599 2806 1724 2848 impios
1743 2806 1840 2848 Vulg.
