2056 3234
67 1116 85 1146 “.
106 1114 170 1146 206

146 838 183 858 10

203 196 291 223 CAP.
313 196 376 224 Vll·
529 200 587 231 DE
615 200 736 231 ENTE
763 201 1181 235 PREDICAMENTALI.

202 306 404 352 processio
443 315 597 342 tantum
637 306 856 342 relaciones
895 316 931 342 et
970 321 1049 343 non
1089 318 1292 355 ypostases
1332 310 1503 357 signant,

203 372 244 398 ut
277 372 386 410 patet
422 365 465 399 5Ο
499 365 546 399 de
578 363 775 399 Trinitate
809 364 995 412 Capitulo
1028 369 1074 410 40
1109 374 1145 402 et
1188 370 1246 413 70.

259 422 350 456 Ideo
367 430 423 457 cst
440 423 533 457 dare
550 421 724 457 medium
742 421 781 456 in
792 423 1007 470 Deo,quod
1023 435 1095 458 nec
1111 432 1167 459 est
1181 425 1421 470 substancia,
1433 438 1505 462 nec

201 478 398 525 accidens,
432 478 582 514 scilicet
606 479 861 525 relacionem,
899 488 941 515 ut
964 489 1072 527 patet
1097 481 1272 528 capitulo
1298 484 1357 518 60.
1392 484 1505 519 Unde

201 535 378 583 capitulo
408 549 452 572 10
485 535 581 572 dicit
604 536 849 583 Augustinus
883 538 1001 574 talem
1035 539 1234 585 regulam:
1273 539 1504 588 „Quidquid

200 594 250 629 ad
273 605 313 629 se
336 593 481 630 dicitur
503 594 569 629 illa
593 593 723 630 divina
748 594 972 631 sublimitas
995 596 1329 643 substancialiter,
1360 597 1505 634 dicitur

199 650 455 698 singulariter
501 660 538 687 et
575 664 655 687 non
694 651 902 698 pluraliter
947 654 994 689 de
1034 653 1221 690 omnibus
1260 663 1297 691 et
1336 654 1500 702 singulis

200 708 393 755 personis,
427 718 464 745 et
496 711 605 756 quod
628 708 772 745 dicitur
795 711 844 746 ad
868 710 1032 758 aliquid,
1065 724 1146 747 non
1169 712 1502 758 substancialiter‚

199 767 266 801 sed
306 766 506 802 relacione
547 766 733 803 dicitur.''
780 768 871 803 Ideo
913 772 957 815 70
998 770 1045 805 de
1085 768 1281 806 Trinitate
1326 770 1502 817 capitulo

201 828 246 858 20
280 823 409 871 arguit
440 823 687 871 Augustinus
726 824 799 861 sic:
845 824 908 871 „Si
942 825 1118 862 essencia
1157 835 1214 862 est
1247 828 1296 863 ad
1336 827 1501 875 aliquid,

198 880 237 916 id
271 890 328 917 est
360 881 521 927 relacio,
555 881 634 918 iam
668 894 748 918 non
781 892 838 918 est
871 883 1088 920 essencia'’.
1124 886 1251 928 Unde,
1286 894 1329 921 ut
1362 886 1501 921 eodem

199 938 376 985 capitulo
419 939 532 975 dicit:
577 939 745 986 „Omnis
784 940 973 986 essencia,
1022 953 1099 989 que
1138 942 1302 978 relativa
1343 942 1501 989 dicitur,

198 1005 256 1031 cst
299 995 450 1044 aliquid
497 1006 660 1044 excepto
705 997 918 1043 relativo’';
964 998 1004 1034 id
1049 1008 1106 1035 est
1151 999 1281 1035 omnis
1327 1000 1503 1036 essencia

199 1053 455 1101 distinguitur
488 1067 508 1090 a
542 1054 756 1099 relacione,
792 1055 854 1091 cui
888 1056 1067 1092 subiecta
1091 1065 1161 1093 est.
1194 1059 1242 1093 Et
1265 1057 1370 1093 idern
1405 1058 1502 1094 dicit

174 1110 331 1148 ‘libello
375 1113 423 1148 de
454 1111 621 1160 Triplici
654 1112 894 1149 Habitaculo
940 1122 976 1150 et
1015 1118 1084 1150 110
1118 1115 1166 1151 de
1199 1115 1367 1152 Civitate
1400 1111 1499 1169 Dei}

268 1340 296 1360 2.
342 1330 396 1370 Cf.
435 1330 524 1369 Aug.
562 1329 613 1359 De
651 1328 817 1360 Trinitate
851 1331 880 1360 V
918 1340 940 1370 4
979 1331 1116 1372 (Migne
1155 1331 1269 1368 XLII,
1306 1333 1369 1364 col.
1410 1334 1501 1368 5114).

199 1376 447 1414 Quamobrem,
480 1376 639 1418 quamvis
664 1375 841 1407 diversum
869 1377 914 1408 sit
932 1382 1078 1418 patrem
1106 1387 1178 1409 esse
1210 1382 1244 1409 et
1265 1378 1381 1420 filium
1420 1388 1502 1417 esse,

196 1432 262 1453 non
301 1427 418 1453 tamen
458 1427 509 1454 est
550 1421 692 1453 diversa
734 1422 943 1461 substantia,
986 1424 1068 1465 quia
1102 1424 1165 1455 hoc
1203 1434 1269 1455 non
1310 1425 1500 1457 secundum

194 1469 428 1500 substantiam
462 1468 639 1507 dicuntur,
681 1467 743 1499 sed
778 1469 966 1500 secundum
1009 1469 1216 1507 relativum;
1257 1471 1349 1512 quod
1382 1476 1500 1503 tamen

195 1515 382 1546 relativum
423 1524 491 1547 non
532 1518 582 1545 est
621 1513 793 1553 accidens,
834 1515 916 1556 quia
954 1526 1020 1547 non
1059 1519 1110 1548 est
1148 1517 1326 1549 mutabile.
1368 1518 1453 1548 Ibid.
1481 1527 1500 1559 7

193 1561 274 1599 (col.
296 1562 380 1603 916)
401 1586 407 1592 .
427 1585 435 1593 .
456 1586 462 1593 .
482 1584 488 1591 .
509 1560 571 1599 ita,
610 1560 771 1602 quamvis
802 1561 979 1593 diversum
1012 1562 1058 1594 sit
1084 1563 1226 1604 genitus
1251 1567 1285 1595 et
1310 1563 1502 1607 ingenitus,

194 1617 260 1638 non
288 1606 426 1639 indicat
450 1606 625 1638 diversam
652 1607 908 1644 substantiam
934 1608 1028 1650 quia,
1053 1609 1142 1641 sicut
1160 1608 1263 1651 filius
1288 1610 1336 1641 ad
1354 1615 1499 1652 patrem

192 1657 226 1684 et
252 1663 318 1685 non
335 1653 436 1694 filius
461 1653 510 1684 ad
536 1663 603 1685 non
626 1657 769 1695 patrem
798 1655 964 1697 refertur,
990 1654 1042 1686 ita
1067 1655 1206 1697 genitus
1231 1655 1280 1686 aa'
1304 1656 1499 1698 genitorem

192 1703 224 1731 et
266 1709 333 1731 non
383 1699 519 1741 genitus
568 1699 616 1730 aci
665 1709 733 1731 non
782 1701 978 1742 genitorem
1030 1702 1211 1743 referatur
1256 1711 1391 1734 necesse
1439 1707 1501 1733 est.

191 1756 224 1786 4.
260 1745 313 1787 Cf.
341 1745 426 1776 Ibid.
452 1755 526 1786 cap.
554 1744 573 1776 6
601 1745 680 1786 (col.
707 1747 799 1787 915).
837 1747 916 1778 Hoc
953 1747 983 1778 si
1020 1747 1141 1779 dicunt
1178 1747 1264 1788 (scil.
1303 1749 1501 1788 Izaecetici),

193 1802 260 1823 non
300 1792 517 1835 intelligunt,
555 1792 598 1823 de
630 1791 787 1834 ingenito
826 1792 965 1835 quidem
1006 1793 1143 1835 aliquid
1175 1804 1211 1826 se
1242 1793 1371 1833 dicere,
1409 1795 1502 1836 quod

192 1837 395 1879 diligentius
422 1837 723 1879 pertractandum
751 1839 808 1877 sit,
840 1839 922 1881 quia
950 1848 1013 1871 nec
1039 1840 1118 1872 ideo
1151 1840 1294 1882 quisque
1322 1845 1441 1882 pater,
1467 1845 1501 1873 et

188 1887 381 1926 propterea
416 1894 483 1915 non
518 1884 566 1916 ad
598 1884 743 1925 aliquid,
781 1885 843 1917 sed
876 1886 925 1917 aa'
950 1895 986 1917 se
1011 1885 1082 1918 dici
1107 1891 1264 1927 putatur
1300 1886 1501 1929 ingenitus:

191 1930 350 1973 genitum
370 1939 453 1962 vero
480 1930 574 1962 mira
600 1931 774 1963 caecitate
799 1941 866 1963 non
894 1932 1087 1963 advertunt
1113 1932 1185 1964 dici
1210 1942 1278 1965 non
1298 1942 1405 1974 posse
1431 1933 1499 1965 nisi

192 1976 241 2007 ad
266 1976 415 2018 aliquid.
443 1976 525 2008 Ideo
552 1976 679 2018 quippe
696 1977 797 2019 filius
823 1978 906 2019 quia
933 1979 1084 2020 genitus,
1110 1983 1143 2010 et
1169 1979 1364 2021 quiafilius
1383 1980 1500 2020 utique

190 2021 341 2063 genitus.
369 2023 469 2055 Sicut
489 2027 607 2055 autem
627 2023 726 2064 filius
752 2024 801 2055 ad
820 2027 979 2065 patrem,
1006 2026 1055 2056 sic
1071 2025 1214 2067 genitus
1233 2026 1281 2056 ad
1300 2025 1498 2067 genitorem

192 2069 358 2109 refertur,
396 2072 430 2100 et
466 2069 557 2100 sicut
591 2072 700 2110 pater
736 2069 784 2100 ad
812 2069 943 2110 filium,
981 2071 1031 2102 ita
1069 2071 1212 2113 genitor
1248 2071 1296 2102 ad
1328 2072 1498 2114 genitum.

194 2114 246 2155 Cf.
272 2114 357 2145 Ibid.
382 2114 402 2146 8
430 2115 506 2152 (col.
532 2116 593 2146 917
620 2116 696 2155 δᾳ).
727 2117 957 2160 Qapropter
981 2117 1067 2148 illud
1086 2118 1281 2159 praecipue
1306 2121 1499 2157 teneamus,

191 2160 359 2202 quidquid
395 2161 443 2192 ad
481 2171 516 2192 se
554 2161 687 2192 dicitur
721 2163 1035 2204 praestantissima
1069 2168 1103 2195 et
1134 2163 1257 2194 divina
1289 2163 1499 2203 sublimitas,

192 2207 481 2239 substancialiter
506 2207 591 2245 diez}
619 2208 712 2249 quod
736 2212 855 2239 autem
876 2209 924 2239 ad
941 2209 1087 2250 aliquid,
1114 2219 1180 2241 non
1201 2210 1499 2248 substancialiter‚

191 2253 253 2284 sed
279 2253 446 2285 relative:
484 2257 622 2284 tantam
650 2255 717 2285 vim
745 2264 819 2286 esse
845 2254 998 2286 eiusdem
1026 2255 1244 2287 substantiae
1269 2257 1303 2287 in
1325 2260 1436 2297 patre
1467 2261 1500 2288 et

183 2299 262 2340 filio
300 2304 333 2330 et
370 2299 496 2339 spiritu
534 2303 669 2338 sancto,
707 2305 744 2331 ut
783 2300 954 2342 quidquid
985 2301 1027 2333 de
1063 2302 1212 2343 singulis
1249 2301 1298 2332 ad
1335 2311 1370 2334 se
1407 2303 1498 2343 ipsos

191 2344 333 2383 dicitur,
367 2356 434 2377 non
466 2346 659 2385 pluraliter
684 2347 716 2377 in
744 2356 895 2385 szmzma,
933 2347 994 2378 sed
1025 2347 1256 2389 singulariter
1289 2348 1498 2389 accipiatur.

191 2401 222 2433 9.
243 2392 296 2432 Cf.
315 2391 399 2422 [bid.
416 2391 471 2422 VH
493 2401 509 2421 2
539 2392 615 2429 (col.
635 2393 704 2423 934
720 2393 814 2434 fin).·
840 2393 881 2424 Si
907 2394 1058 2425 essentia
1086 2394 1161 2434 ipsa
1191 2393 1336 2425 relative
1354 2394 1497 2432 dicitur,

190 2437 341 2468 essentia
367 2437 444 2479 ipsa
471 2447 537 2469 non
565 2443 616 2469 est
641 2439 803 2470 essentia.
847 2439 925 2470 Huc
957 2439 1104 2478 accedit,
1135 2440 1218 2481 quia
1245 2440 1358 2472 omnis
1384 2450 1498 2472 essen-

191 2483 253 2521 tia,
289 2493 378 2524 quae
410 2483 557 2515 relative
588 2484 730 2523 dicitur,
765 2489 816 2516 est
848 2485 955 2517 etiam
988 2486 1127 2527 aliquid
1158 2489 1306 2526 excepto
1334 2487 1498 2518 relativo.

196 2528 245 2559 15.
280 2530 332 2571 Cf.
359 2529 478 2560 Incerti
506 2531 654 2561 auctoris
680 2531 731 2562 De
757 2531 897 2572 Triplici
926 2531 1130 2562 Habitaculo
1157 2531 1243 2562 liber
1269 2531 1362 2564 inter
1388 2541 1496 2574 opera

190 2576 453 2616 Augustiniana
488 2577 593 2617 vulgo
623 2577 748 2617 editus,
784 2588 856 2618 cap.
885 2578 926 2608 Vl
959 2577 1100 2617 (Migne
1128 2579 1203 2616 XL,
1235 2578 1296 2609 col.
1320 2581 1396 2621 996²
1419 2579 1497 2619 δᾳ).

196 2619 292 2652 Tunc
323 2622 425 2653 iustis
459 2622 684 2664 manifestum
712 2623 790 2659 erit.
825 2624 998 2665 quomodo
1025 2623 1122 2656 Deus
1148 2628 1199 2656 est
1224 2624 1418 2663 invisibilis,
1445 2624 1496 2655 in-

189 2667 452 2708 comparabilis,
476 2668 549 2700 sine
575 2668 675 2700 initio
702 2673 736 2700 et
761 2670 836 2701 sine
854 2670 940 2711 fine,
968 2674 1050 2701 ante
1076 2670 1194 2702 omnia
1222 2674 1255 2701 et
1274 2675 1358 2711 post
1376 2671 1496 2702 omnia

192 2736 199 2743 .
245 2737 278 2744 ..
304 2717 338 2745 et
362 2714 537 2755 quomodo
563 2715 683 2746 omnia
711 2716 778 2746 Dei
803 2726 908 2747 unum
935 2720 1016 2747 sunt
1043 2716 1075 2747 in
1104 2716 1191 2754 Deo,
1217 2720 1377 2758 excepto,
1403 2717 1496 2757 quod

191 2758 239 2789 ad
266 2760 473 2791 relationem
496 2761 705 2801 pertinet..
727 2786 732 2790 .
754 2786 760 2792 .
780 2766 812 2793 et
839 2762 1014 2803 quomodo
1042 2762 1165 2804 ubique
1191 2766 1284 2794 totus
1310 2762 1385 2794 sine
1410 2763 1497 2801 loco,

191 2814 344 2846 magnus
370 2806 441 2837 sine
467 2811 677 2845 quantitate,
704 2808 810 2838 honus
829 2808 903 2839 sine
923 2809 1112 2850 qualitate.-
1137 2812 1169 2839 et
1187 2808 1360 2850 quomodo
1378 2809 1496 2840 omnia

1742 213 1785 246 71

1555 435 1663 461 Proofs
1683 435 1763 462 from

1556 470 1604 496 the
1624 470 1762 497 fathers.
