2056 3234
209 180 335 215 Quaest.
352 180 403 207 Vl·
491 183 720 222 Quaestiones
747 183 878 224 logicae
906 191 937 214 et
963 183 1234 225 philosophicae.
1718 178 1794 213 263

208 288 312 337 capit
346 301 428 325 esse
466 301 582 325 suum
617 302 637 326 a
670 288 798 337 prima
832 302 972 335 causa;
1011 298 1048 326 et
1080 302 1160 326 non
1192 299 1352 338 caperet
1384 291 1433 327 ab
1466 303 1511 327 ea

207 358 290 383 esse
321 359 450 393 suum,
484 346 559 383 nisi
591 346 702 395 prius
735 347 937 384 habuisset
970 360 1053 384 esse
1085 347 1158 392 ibi3
1192 347 1312 395 igitur
1336 377 1343 384 .
1369 377 1377 384 .

265 405 566 440 CORROLARIUM
599 410 844 439 SECUNDUM:
892 405 1031 442 Celum
1076 407 1320 453 productum
1369 414 1425 442 est
1464 407 1511 442 de

206 473 288 498 esse
311 461 548 510 intelligibili
572 470 608 498 et
631 462 686 498 sic
710 463 757 498 de
779 475 966 499 non-esse
989 462 1027 498 in
1051 471 1143 499 actu
1167 464 1216 500 ad
1241 475 1324 500 esse
1347 463 1511 500 existere

173 518 245 555 §in
278 528 368 556 actu
402 527 456 566 ut,
490 528 597 567 patet
629 532 673 556 ex
706 519 836 556 dictis.

264 578 565 613 CORROLARIUM
593 582 791 611 TERCIUM:
826 578 965 614 Celum
999 586 1055 613 est
1088 590 1155 614 ens
1189 586 1382 615 creatum.

263 635 564 670 CORROLARIUM
597 640 819 676 QUARTUM:
855 635 992 671 Celum
1019 636 1137 672 habet
1160 648 1242 672 esse
1267 637 1509 684 productum

60 695 98 726 F.
118 696 191 738 190¹
207 700 311 728 extra
335 691 507 740 primam
533 703 709 728 causam.
745 691 877 729 Prima
900 705 992 740 pars
1015 701 1124 741 patet
1148 706 1191 729 ex
1215 693 1484 739 conclusione,
1504 690 1507 747 Ι

204 748 354 786 scilicet
376 762 448 798 pro
471 750 645 785 secunda
667 758 791 797 parte.
825 751 937 787 Patet
970 762 1013 786 ex
1045 751 1133 797 hoc,
1174 763 1264 787 cum
1298 751 1426 787 celum
1459 751 1509 787 sit

152 806 244 843 zoin
276 815 368 843 actu
401 806 563 843 alterius
587 815 728 843 nature
752 820 774 843 a
796 807 926 855 prima
951 820 1082 855 causa,
1118 817 1153 845 et
1177 821 1267 844 cum
1300 808 1351 845 sit
1373 810 1510 845 absur-

204 865 312 911 dum,
345 863 521 913 primum
556 877 622 901 ens
656 863 817 912 aliquod
850 878 918 901 ens
941 865 981 901 in
1004 874 1096 902 actu
1120 875 1156 903 et
1179 865 1340 903 alterius
1368 875 1510 903 nature

204 923 252 958 ad
276 922 380 959 intra
402 923 637 970 producere,
662 922 855 971 sequitur,
880 924 988 971 quod
1014 924 1142 960 celum
1168 925 1287 961 habet
1310 936 1394 961 esse
1417 937 1509 972 pro-

204 981 367 1016 ductum
401 981 451 1017 ad
485 988 604 1016 extra.

261 1039 508 1074 CONCLUSIO
545 1043 755 1073 SECUNDA:
793 1037 902 1074 Licet
935 1050 956 1075 a
981 1038 1230 1086 philosophis
1264 1048 1300 1076 et
1329 1045 1792 1076 astr0n0-11.c0nciusion.

150 1096 186 1129 15
204 1095 277 1131 mis
296 1096 430 1143 plures
448 1103 649 1144 ponantur
668 1095 754 1141 celi,
778 1104 821 1132 ut
842 1095 1060 1144 aliquando
1082 1096 1221 1133 dicunt
1245 1109 1328 1133 esse
1349 1110 1509 1145 speram
1558 1081 1770 1142 afflfflfflfilgss

202 1153 294 1190 solis
318 1162 355 1190 et
377 1152 594 1202 aliquando
617 1165 774 1201 speram
797 1153 976 1201 spacium
995 1154 1100 1201 lune,
1117 1162 1153 1191 et
1172 1154 1227 1191 sic
1248 1155 1295 1191 de
1316 1155 1416 1201 aliis,
1432 1167 1511 1191 una
1549 1157 1602 1185 say
1621 1149 1705 1177 there
1725 1158 1775 1177 are

203 1220 260 1247 est
276 1220 412 1247 tamen
428 1219 573 1247 natura
588 1211 814 1247 communis
832 1211 1033 1259 specifica,
1044 1213 1105 1249 vel
1119 1213 1337 1248 secundum
1356 1212 1510 1261 aliquos
1524 1184 1797 1255 εἷ’ᾪῖΐῗῐιιέῑῗῗξῃὲ

202 1268 411 1317 generalis,
435 1268 565 1305 tocius
589 1268 661 1305 celi
686 1277 722 1305 et
745 1268 926 1305 omnium
950 1269 1033 1306 eius
1055 1279 1271 1317 astrorum,
1295 1282 1365 1318 per
1388 1283 1509 1318 quam
1568 1261 1758 1323 δξὲἓῑᾚζοῶπ

201 1335 331 1363 totum
365 1327 494 1363 celum
527 1335 565 1363 et
589 1326 798 1375 quodlibet
830 1326 913 1363 eius
946 1336 1096 1364 astrum
1130 1329 1249 1364 habet
1271 1340 1355 1364 esse
1380 1340 1511 1365 essen-
1532 1323 1791 1385 gergssrsslgaegltlure

145 1395 187 1416 20
202 1383 301 1421 ciale
335 1392 371 1421 et
395 1384 693 1433 quiditativum.
727 1386 805 1421 Ista
838 1384 1043 1421 conclusio
1067 1387 1261 1433 probatur
1293 1385 1349 1422 sic
1382 1398 1425 1422 ex
1448 1398 1509 1432 eo,

202 1443 310 1491 quod
349 1442 478 1478 celum
519 1451 576 1478 est
620 1450 764 1479 natura
801 1442 1016 1479 intrinsece
1056 1443 1283 1491 composita
1322 1452 1359 1480 et
1398 1443 1511 1480 finita

202 1499 487 1547 cssencialiter,
527 1512 620 1547 ergo
660 1499 788 1536 celum
830 1501 950 1536 habet
981 1500 1158 1549 aliquam
1197 1501 1368 1538 formam
1403 1513 1511 1538 com-

202 1570 363 1594 munem
408 1557 463 1594 sic
508 1557 750 1594 limitantem
795 1566 980 1594 naturam
1027 1558 1123 1604 eius,
1164 1567 1200 1595 et
1244 1571 1327 1595 non
1373 1558 1508 1606 aliam,

203 1628 324 1664 quam
359 1615 441 1652 eius
474 1623 602 1652 totam
636 1623 673 1652 et
706 1616 949 1663 adequatam
989 1615 1241 1664 quiditatem.
1283 1616 1408 1665 Igitur
1432 1646 1440 1653 .
1466 1645 1474 1653 .
1501 1645 1508 1653 .

145 1672 183 1706 25
258 1674 560 1710 CORROLARIUM
581 1679 752 1707 PRIMUM:
776 1673 915 1709 Celum
939 1682 995 1710 est
1016 1674 1248 1720 formatum,
1265 1687 1355 1710 cum
1378 1673 1509 1711 omnis

201 1730 291 1768 talis
324 1730 500 1780 quiditas
534 1730 584 1767 sit
616 1731 758 1767 forma.
793 1732 898 1779 Ergo
932 1739 1005 1768 etc.

258 1790 561 1825 CORROLARIUM
596 1794 840 1824 SECUNDUM:
884 1788 993 1825 Talis
1040 1789 1169 1826 forma
1214 1788 1287 1826 celi
1332 1801 1414 1825 non
1452 1798 1510 1826 est

199 1845 273 1882 sibi
306 1845 577 1893 accidentalis,
611 1859 702 1883 cum
725 1845 774 1882 sit
798 1847 846 1883 de
868 1855 1012 1883 natura
1034 1846 1251 1884 intrinseca
1275 1846 1398 1895 ipsius
1422 1846 1507 1892 celi,

200 1912 242 1940 ut
275 1913 396 1952 patet.
431 1906 536 1953 Ergo
569 1912 643 1940 etc.

144 1963 186 1995 30
258 1963 559 2008 CORROLARIUM
584 1967 785 1996 TERCIUM:
817 1961 927 1998 Talis
955 1963 1086 1999 forma
1114 1974 1196 1999 non
1219 1962 1286 1999 dat
1316 1963 1401 1999 celo
1425 1974 1508 1998 esse

200 2019 461 2066 accidentale,
495 2021 563 2056 sed
596 2018 735 2068 pocius
767 2020 1049 2057 substanciale.

257 2079 559 2114 CORROLARIUM
581 2083 800 2120 QUARTUM:
825 2078 964 2114 Celum
989 2087 1046 2114 est
1068 2077 1309 2124 substancia,
1334 2086 1375 2114 ut
1398 2086 1508 2126 patet

201 2148 245 2172 ex
277 2135 408 2172 dictis.
443 2137 548 2184 Ergo
573 2164 581 2171 .
607 2164 614 2171 .
640 2164 648 2172 .

258 2194 502 2230 CONCLUSIO
523 2199 690 2228 TERCIA:
727 2194 866 2229 Celum
907 2195 1025 2230 habet
1058 2192 1291 2239 materiam3
1330 2205 1424 2229 nam
1458 2194 1572 2237 dem,
1594 2209 1796 2239 Conclusjon,

1562 2244 1685 2272 Heaven
1707 2246 1761 2273 has

145 2251 184 2286 35
200 2251 326 2287 tribus
350 2250 489 2299 primis
522 2250 829 2299 accepciouibus
862 2250 1028 2288 materie
1050 2250 1149 2287 nulli
1174 2250 1505 2298 philosophorum
1599 2284 1719 2307 matter.

180 2308 365 2345 *dubium
390 2317 460 2355 est,
484 2308 580 2357 quin
603 2309 733 2345 celum
756 2310 902 2345 habeat
926 2308 1136 2346 materiam
1164 2307 1235 2344 tali
1270 2309 1403 2354 modo,
1437 2310 1506 2345 sed

201 2367 308 2414 quod
347 2368 492 2403 habeat
531 2366 741 2403 materiam
780 2366 943 2415 proprie
979 2365 1141 2403 dictam.
1191 2366 1390 2402 Probatur
1427 2366 1504 2403 sic:

201 2423 341 2460 Omnis
364 2424 594 2461 substancia
624 2437 820 2472 corporea
842 2432 1000 2461 extensa
1023 2425 1142 2460 habet
1166 2423 1389 2469 materiam,
1415 2436 1504 2460 cum

200 2481 332 2519 omnis
365 2482 540 2519 extensio
564 2481 827 2531 quantitativa
861 2483 1005 2518 habeat
1028 2493 1111 2518 esse
1134 2480 1295 2518 racione
1319 2481 1504 2527 materie;

141 2551 186 2582 40
201 2541 269 2576 sed
291 2540 420 2576 celum
449 2548 506 2576 est
532 2539 762 2576 substancia
784 2551 979 2587 corporea
1001 2547 1172 2586 extensa,
1196 2547 1240 2575 ut
1261 2547 1402 2575 notum
1428 2547 1504 2586 est;

201 2599 212 2633 Ι
245 2596 323 2633 itur
347 2626 354 2633 .
381 2626 388 2634 .
414 2626 422 2634 .

218 2610 241 2645 g
257 2655 559 2691 CORROLARiUM
584 2660 753 2689 PRIMUM:
782 2653 950 2691 Materia
984 2652 1057 2690 celi
1087 2665 1131 2690 ex
1157 2652 1343 2702 opposito
1367 2652 1504 2689 distin-

201 2711 342 2760 gwitur
364 2724 386 2748 a
418 2711 586 2748 materia
619 2724 832 2759 corporum
866 2711 1115 2758 inferiorum,
1149 2723 1239 2747 cum
1274 2710 1380 2747 dicat
1412 2722 1504 2747 ean-

164 2811 168 2813 ,
202 2771 292 2806 dem
325 2768 571 2806 sentenciam
605 2769 645 2805 in
677 2777 861 2818 utroque.
897 2768 1049 2817 Igitur.
1078 2798 1084 2804 .
1112 2797 1119 2805 .
