2056 3234
190 229 278 256 CAP·
301 228 335 255 X·
507 231 564 262 DE
592 231 712 262 ENTF.
742 230 1160 261 PREDICAMENTALI.

191 345 251 372 est
283 336 322 371 in
355 336 520 372 alicuius
554 348 636 372 esse
668 336 855 383 potencia
887 335 1081 383 impedire
1106 334 1495 380 denominacionem,

190 407 308 442 quam
342 393 536 441 permittit
566 395 794 441 procedere,
829 393 973 429 dicitur
996 392 1079 441 pati
1104 392 1219 429 istam
1255 392 1351 438 fieri,
1386 392 1497 428 cuius

189 464 327 488 sensus
361 460 430 498 est,
465 453 572 500 quod
605 451 697 487 sinit
728 452 787 487 vel
821 450 1018 498 permittit
1057 451 1165 487 illam
1200 450 1306 497 fieri;
1353 459 1389 486 et
1422 449 1497 486 isto

190 511 310 546 modo
343 511 448 545 Deus
487 509 632 545 dicitur
671 509 753 557 pati
795 509 976 545 homines
1016 521 1193 556 peccare,
1240 517 1276 544 et
1310 509 1359 544 ad
1392 508 1497 543 hunc

156 571 346 603 §sensum
380 575 545 603 vocatur
586 569 691 603 Deus
730 565 891 614 paciens
932 566 1172 603 creberrime
1211 566 1251 602 in
1284 565 1495 613 scriptura,

133 870 170 891 10

132 1148 167 1179 15

129 1722 167 1754 25

188 633 229 660 ut
262 625 416 672 psalmo
448 628 543 670 1040
578 624 723 660 dicitur
757 624 947 672 „paciens
971 633 1007 660 et
1031 625 1200 660 multum
1227 623 1496 669 misericors'⁷,

188 691 224 718 ct
247 683 367 718 talem
392 682 652 730 pacienciam,
688 694 763 730 que
787 691 844 717 est
867 681 1014 718 relacio
1039 681 1224 726 racionis,
1250 682 1368 717 habet
1391 683 1497 716 Deus

186 741 274 776 loco
308 739 510 787 paciencie
544 741 591 776 de
624 752 766 787 genere
798 739 1009 787 passionis.
1057 739 1197 775 Differt
1230 747 1364 775 autem
1400 738 1498 774 illud

186 798 268 845 pati
293 797 588 846 quantumlibet
622 810 643 834 a
667 797 810 845 priori;
843 810 935 833 nam
961 797 1058 833 illud
1092 796 1173 845 pati
1199 806 1256 833 est
1279 795 1498 844 superioris

188 868 304 891 cause
338 864 520 903 respectu
555 855 613 891 sui
638 855 849 900 inferioris,
884 856 951 891 sed
985 854 1161 903 primurn
1192 854 1289 902 pati.
1323 856 1497 890 Econtra

186 922 243 949 est
282 926 399 949 cause
438 913 635 949 inferioris
674 921 857 961 respectu
895 912 954 948 sui
998 912 1235 961 superioris;
1276 911 1366 948 ideo
1398 911 1497 947 illud

187 970 268 1018 pati
301 970 417 1007 infert
451 979 603 1007 motum
636 972 696 1007 vel
730 970 994 1007 mobilitatem
1028 970 1083 1006 sic
1115 969 1323 1018 pacientis.

244 1028 395 1074 Quinto
429 1031 548 1065 modo
582 1029 752 1065 sumitur
784 1037 948 1076 propter
986 1028 1288 1076 proprietatem,
1333 1039 1408 1075 que
1442 1035 1497 1063 est

186 1095 372 1134 quartum
407 1087 628 1123 universale
661 1088 768 1134 apud
792 1086 1061 1134 Porphirium,
1096 1087 1204 1134 quod
1228 1085 1373 1122 dicitur
1396 1084 1498 1121 acci-

185 1146 279 1180 dens
317 1156 387 1192 per
419 1157 459 1180 se
497 1144 684 1181 inherens
724 1157 766 1180 ex
799 1143 971 1192 propriis
1011 1143 1221 1192 principiis
1260 1142 1427 1179 subiecti
1461 1151 1497 1179 et

184 1202 239 1237 sic
280 1201 482 1238 risibilitas
524 1202 669 1239 dicitur
709 1202 842 1249 passio
882 1201 1070 1248 hominis,
1118 1211 1154 1237 et
1187 1201 1317 1237 omnis
1356 1200 1497 1236 similis

185 1259 409 1307 proprietas
444 1259 769 1296 demonstrabilis
802 1261 850 1296 de
874 1259 1053 1296 subiecto
1078 1259 1224 1296 dicitur
1247 1258 1306 1295 sui
1330 1257 1497 1294 subiecti

184 1317 330 1364 passio.

242 1377 289 1410 Et
334 1384 441 1411 sexto
488 1377 607 1411 modo
653 1375 1018 1424 proporcionaliter
1063 1376 1111 1411 ad
1156 1374 1267 1410 illum
1314 1373 1495 1422 quintum

186 1432 330 1468 dicitur
364 1442 474 1469 actus
498 1433 629 1469 anime
652 1434 871 1481 procedens
895 1446 916 1470 a
940 1432 1008 1469 tali
1032 1432 1217 1480 passione
1241 1432 1375 1480 passio
1400 1444 1497 1473 esse,

184 1499 239 1536 ut,
280 1490 372 1539 quia
412 1491 531 1526 hoino
577 1503 619 1527 ex
659 1491 926 1539 disposicione
970 1490 1150 1538 corporis
1191 1499 1248 1526 est
1287 1489 1498 1526 irascibilis

185 1548 411 1594 gaudilibus
455 1557 542 1594 etc.,
589 1549 677 1585 ideo
723 1557 834 1584 actus
874 1549 1137 1596 procedentes
1177 1549 1225 1584 ab
1266 1547 1498 1583 huiusmodi

186 1605 439 1653 passionibus
466 1615 659 1642 vocantur
680 1606 899 1654 passiones,
924 1615 966 1642 ut
989 1605 1194 1653 gaudium,
1219 1605 1289 1651 ira,
1315 1604 1495 1650 tristicia,

184 1664 318 1710 timor,
336 1677 401 1699 vei
406 1664 573 1700 ecundia
591 1673 663 1700 etc.
671 1673 737 1709 ,ut
753 1673 862 1712 patet
878 1665 1053 1700 secundo
1070 1663 1235 1700 Ethlcoi
1238 1676 1303 1698 um
1322 1662 1498 1710 capitulo

186 1721 340 1770 quinto;
387 1731 423 1757 et
455 1722 612 1757 videtur
646 1695 779 1767 niichi,
814 1723 921 1771 quod
955 1722 1049 1758 talia
1083 1730 1175 1757 sunt
1209 1729 1421 1769 aggregata
1455 1733 1498 1756 ex

187 1779 319 1814 multis
351 1779 505 1815 actibus
545 1779 794 1827 simplicibus
835 1789 871 1816 et
910 1779 1165 1828 passionibus
1204 1779 1336 1827 primo
1377 1779 1497 1814 modo

187 1837 314 1881 dictis,
350 1846 386 1873 et
419 1839 564 1873 nedum
590 1837 735 1873 dicitur
759 1837 891 1885 passio
915 1839 962 1873 de
986 1837 1132 1874 talibus
1156 1836 1383 1872 intrinsecis
1407 1848 1498 1884 pro-

187 1894 417 1930 cedentibus
452 1897 499 1931 ab
536 1895 683 1941 anima,
718 1897 786 1931 scd
820 1908 893 1943 pro
927 1895 1121 1944 qualitate
1148 1894 1323 1931 sensibili
1348 1903 1498 1942 preter-

184 1952 357 1988 naturali
382 1965 424 1988 ex
448 1953 700 2000 passionibus
724 1953 855 1989 anime
878 1954 1108 2001 resultante,
1143 1962 1185 1989 ut
1218 1954 1353 1998 rubor,
1388 1964 1498 1988 vere-

186 2010 342 2058 cundia,
368 2011 481 2058 palor
503 2010 593 2047 irati
616 2011 675 2047 vel
698 2011 828 2047 timidi
853 2011 1041 2048 dicuntur
1064 2011 1284 2059 passiones,
1319 2018 1363 2046 ut
1386 2018 1496 2057 patet

256 2164 300 2184 20.
325 2156 418 2189 Cod.‚·
440 2162 520 2192 pa0¹¹⁰
542 2157 577 2184 dl
598 2163 661 2192 pa‘n

256 2239 287 2271 G.
306 2241 360 2272 Ps.
375 2250 437 2282 144
452 2241 533 2281 (non
552 2240 672 2282 ιο4),8
676 2264 683 2272 .
768 2251 817 2282 14.
832 2242 884 2284 Cf.
901 2240 1080 2282 Porphyrii
1100 2240 1335 2271 Institutiones
1354 2249 1427 2280 cap.
1444 2239 1498 2278 IV,

186 2284 265 2328 περὶ
283 2283 387 2318 ἰδίου
407 2287 487 2327 (Ed.
508 2297 585 2329 opp.
604 2287 751 2318 Ar'.zst0t
770 2288 843 2329 Lm
837 2288 1057 2325 duni1590,
1078 2285 1156 2327 I,p.
1177 2287 1230 2325 52)
1262 2282 1315 2316 Τὸ
1341 2284 1381 2316 δὲ
1406 2283 1500 2316 ἰδιον

186 2331 366 2374 διαιρουσι
391 2334 585 2375 τετραχῶς·
606 2357 721 2364 .....
749 2331 921 2375 τέταρτον
946 2331 985 2364 δὲ
988 2358 997 2374 ,
1022 2328 1080 2372 ἐ’φ
1098 2328 1142 2364 οὗ
1168 2330 1414 2382 συνδεράμηκε
1439 2329 1494 2363 καὶ

188 2377 227 2410 τὸ
259 2377 369 2421 μόνῳ,
402 2376 462 2410 καὶ
492 2377 610 2417 παντὶ,
641 2377 700 2410 καὶ
731 2377 772 2411 dre
776 2378 803 2410 L'·
845 2391 894 2416 ως
926 2390 974 2409 τω
1003 2376 1190 2420 ἀνθρώπῳ
1218 2374 1258 2409 τὸ
1283 2375 1498 2419 γελαστικόν.

187 2422 268 2456 Κᾶν
300 2436 365 2467 γαρ
396 2423 444 2466 μὴ
475 2426 558 2469 γελᾷ
593 2423 658 2465 ἀεὶ,
698 2423 783 2456 ἀλλὰ
813 2424 1019 2466 γελαστικὸν
1054 2423 1202 2465 λέγεται,
1239 2422 1282 2455 οὐ
1314 2426 1363 2467 τῷ
1396 2424 1501 2464 γεῖᾶν

188 2469 254 2510 ἀεὶ,
281 2469 365 2502 ἀλλὰ
392 2473 440 2502 τῶ
469 2470 562 2514 [ἀει]
588 2470 797 2512 πεφυκέναι.
912 2482 964 2512 24.
1000 2473 1053 2513 Cf.
1086 2472 1190 2502 Arist.
1224 2470 1335 2502 Ethic.
1367 2470 1393 2500 ll
1426 2481 1451 2508 1,
1480 2480 1499 2511 7

190 2517 269 2554 (hd.
296 2517 382 2548 Par.
413 2517 450 2548 II
470 2520 524 2556 1.),
545 2519 590 2550 24
610 2518 685 2556 ss.):
799 2517 994 2572 ,(ομοίως
1010 2515 1048 2547 δὲ
1074 2514 1133 2548 καὶ
1158 2515 1202 2548 τὰ
1228 2526 1309 2559 περι
1335 2514 1400 2553 τὰς
1425 2512 1499 2547 ἐπι-

190 2560 363 2604 θυμίας’
351 2561 417 2615 ξεχι
444 2574 502 2594 και
529 2561 572 2594 τὰ
597 2573 677 2605 περι
704 2543 777 2601 τὰς.
802 2562 924 2606 ὀργάς·
960 2560 994 2594 οἱ
1026 2560 1091 2604 μὲν
1121 2561 1188 2605 γὰρ
1221 2562 1411 2604 σώφρονες
1441 2560 1500 2593 καὶ

190 2609 299 2650 ποᾶοι
330 2608 505 2649 γίνονται·
544 2607 577 2640 οἱ
603 2608 642 2640 δὲ
668 2607 859 2641 ἀκόλαστοι
884 2607 944 2641 καὶ
970 2606 1128 2651 ὀργίλοι.
1149 2633 1156 2639 .
1177 2634 1183 2639 .
1204 2633 1210 2639 .
1238 2615 1272 2640 et
1297 2609 1379 2639 ibid.
1406 2607 1438 2648 s),
1463 2619 1500 2639 10

191 2658 255 2693 (I.,‘³
282 2658 427 2695 4135.ss
538 2655 672 2696 ,Λέγω
707 2653 745 2687 δὲ·
783 2653 848 2697 τὴν
884 2654 1035 2709 ἠθικήν·
1075 2655 1167 2696 αὕτη
1203 2653 1270 2696 γάρ
1308 2651 1383 2685 ἐστι
1419 2651 1501 2696 περὶ

190 2699 293 2742 πάθη
324 2699 382 2732 καὶ
413 2699 576 2758 πράξεις·
610 2698 648 2733 ἐν
679 2700 719 2733 δὲ
750 2702 892 2739 τούτοις
922 2698 1019 2732 ἐστὶν
1048 2699 1227 2744 υπερβολὴ
1253 2698 1312 2732 καὶ
1337 2698 1501 2741 ἔλλειψις,

189 2744 247 2777 καὶ
273 2743 312 2777 τό
338 2745 462 2788 μέσον·
489 2743 567 2779 οἷον
590 2758 650 2778 και
669 2747 877 2790 φοβηθῆναι
899 2745 958 2779 καὶ
975 2747 1171 2789 θαρρῆσαι,
1190 2745 1248 2778 καὶ
1266 2743 1500 2788 ἐπιθυμῆσαι

189 2803 249 2823 και
282 2790 495 2834 ὀργισθῆναι
528 2791 584 2824 καὶ
617 2790 768 2835 ἐλεῆσαι,
800 2792 857 2825 καὶ
894 2790 986 2829 ὅλως
1018 2791 1174 2835 ἡσθῆναι
1209 2804 1269 2824 και
1292 2793 1502 2834 λυπηθῆναι

190 2850 219 2870 κ.
247 2850 275 2870 τ.
301 2840 328 2870 λ.

1550 1034 1573 1061 5.
1597 1034 1752 1073 passio—
1721 1054 1752 1057 -

1539 1069 1713 1104 prop1ietas
1734 1077 1767 1095 as

1557 1112 1592 1130 au
1614 1103 1753 1131 accident

1519 1138 1659 1165 inherent
1678 1138 1707 1165 in
1730 1139 1780 1164 the

1592 1173 1717 1207 subject.

1548 1384 1575 1411 6.
1598 1383 1701 1422 passio
1722 1391 1755 1410 as

1581 1426 1720 1452 passion.
