2056 3234
238 190 329 219 CAP.
348 190 413 218 xn-
560 193 620 225 DE
647 193 770 225 ENTE
797 193 1220 227 PREDICAMENTALI.
1764 206 1773 228 1
1793 190 1836 229 113

238 298 407 336 alicuius
451 307 634 336 creature
677 300 897 336 secundum
944 299 1214 337 existenciam.
1259 303 1549 340 Verumtamen

237 356 461 394 subiectum
495 357 780 394 denominatur
817 358 1074 395 formandum
1114 358 1334 396 efficienter
1366 373 1388 397 a
1420 361 1551 398 forma

236 415 383 461 futura,
404 427 480 464 que
502 423 685 464 tempore
708 429 779 453 suo
803 424 860 452 est
882 415 923 452 in
944 416 1132 454 formato.
1156 417 1396 455 Formaliter
1413 427 1551 456 tamen

238 473 522 510 denominatur
553 474 811 510 formandum
844 486 866 510 a
897 474 1153 521 formalitate,
1188 488 1265 523 que
1299 488 1357 513 est*
1387 476 1429 513 in
1461 476 1550 525 ipso

203 535 282 567 §eo
313 530 415 580 ipso,
449 532 558 580 quod
591 531 861 568 formandum.
897 531 938 568 Si
971 541 1106 569 autem
1129 532 1367 582 intelligitur
1398 534 1551 584 aliquid

235 589 494 626 formandum
534 590 584 626 ad
622 590 729 626 hunc
761 602 937 636 sensum,
984 592 1092 639 quod
1123 590 1256 639 ipsum
1295 592 1549 639 formabitur,

234 655 356 695 patet,
391 648 500 695 quod
531 646 599 684 illa
628 647 774 684 veritas
808 656 944 684 eterna
964 661 1046 685 non
1079 657 1137 685 est
1168 649 1449 687 denominacio
1474 650 1551 687 exi·

234 705 382 742 stencie
413 704 589 752 formati,
622 707 692 742 sed
731 705 820 752 alie,
859 706 1072 743 formando
1110 706 1151 742 in
1190 719 1274 744 esse
1309 707 1549 756 intelligibili

233 762 458 800 formaliter
495 775 566 811 per
603 763 888 800 futuricionem
927 776 997 800 sue
1028 764 1301 812 formacionis,
1335 778 1412 814 que
1443 766 1550 803 futu-

180 835 219 856 10
234 820 332 858 ricio
372 829 430 858 est
461 820 592 857 forma
629 820 671 857 in
702 821 782 867 illo,
825 823 934 870 quod
973 830 1031 858 est
1061 823 1334 860 formandum.
1380 826 1429 861 Et
1463 837 1549 861 cor-

232 880 523 927 respondenter
555 878 769 915 dicendum
809 888 866 916 est
898 881 947 916 de
978 880 1220 917 futuricione
1259 881 1549 931 cuiuscumque

233 936 480 973 denominati
512 948 595 973 esse
627 938 820 974 futurum.
853 937 962 974 Talis
994 937 1102 975 enim
1125 938 1422 987 denominacio,
1456 952 1548 977 cum

233 994 282 1031 sit
321 1003 458 1031 eterna
497 1007 519 1031 a
557 1003 670 1043 parte
710 1004 814 1041 ante,
853 1008 935 1032 non
967 996 1088 1033 habet
1120 997 1358 1044 subiectum,
1399 997 1475 1034 nisi
1507 998 1549 1035 in

234 1065 317 1089 esse
340 1051 594 1101 intelligibili,
628 1052 691 1090 cui
715 1053 945 1090 eternaliter
976 1053 1079 1091 inest
1100 1055 1291 1092 futuricio
1324 1057 1546 1092 secundum

179 1113 318 1147 15esse
357 1110 535 1147 existere.
581 1113 713 1148 Homo
747 1111 873 1148 eciam
914 1111 1200 1150 denominatur
1239 1113 1450 1150 edificator
1486 1114 1548 1151 vel

232 1170 281 1205 ab
315 1177 407 1206 actu
440 1168 653 1206 edificandi
684 1169 745 1206 vel
767 1171 817 1206 ab
851 1169 990 1207 habitu
1018 1171 1080 1207 vel
1101 1180 1198 1208 arte.
1232 1173 1338 1208 Bene
1370 1184 1547 1221 namque

232 1227 426 1276 sequitur,
466 1228 587 1264 homo
620 1235 678 1264 est
710 1227 931 1275 edificator,
972 1240 1065 1276 ergo
1099 1229 1259 1266 edificat
1290 1229 1331 1266 in
1363 1239 1546 1278 tempore

231 1298 316 1331 suo,
351 1294 388 1321 et
419 1294 578 1333 oportet
610 1294 743 1322 actum
777 1286 889 1321 illum
922 1288 1137 1334 precedere
1168 1296 1351 1335 tempore
1383 1301 1474 1335 suo3
1510 1297 1547 1325 et

232 1355 276 1379 ex
308 1352 410 1391 post,
444 1343 638 1391 quamdiu
661 1352 797 1380 manet
830 1344 951 1381 homo
975 1357 1067 1381 cum
1100 1353 1198 1392 arte,
1233 1354 1291 1382 est
1323 1345 1544 1393 edificator,

175 1413 216 1435 20
231 1400 304 1437 etsi
347 1414 428 1437 non
467 1401 657 1438 continue
696 1400 871 1448 edificet3
912 1411 949 1438 et
988 1402 1042 1438 ita
1088 1404 1136 1439 de
1176 1403 1384 1440 similibus.
1432 1406 1545 1441 Unde

83 1458 310 1495 F.216¹dici
342 1468 485 1507 potest,
526 1460 635 1508 quod
666 1461 773 1495 Deus
811 1459 959 1508 incepit
993 1472 1077 1497 esse
1106 1459 1110 1511 Ι
1139 1471 1296 1498 creator
1335 1470 1372 1498 et
1404 1464 1546 1510 guber—

230 1525 348 1554 nator
392 1526 429 1553 et
474 1517 682 1564 dominus3
735 1517 966 1554 eternaliter
1009 1527 1145 1555 tamen
1190 1528 1326 1556 manet
1371 1529 1542 1567 creator,

231 1574 327 1624 quia
372 1575 521 1612 creavit
566 1584 603 1611 et
647 1576 767 1612 habet
810 1585 937 1612 artem
985 1585 1163 1613 eternam
1203 1577 1379 1614 creandi.
1432 1579 1545 1627 Opus

231 1632 357 1670 eciam
398 1633 661 1670 extrinsecum
695 1632 842 1670 dicitur
873 1634 1096 1671 formaliter
1127 1636 1277 1672 bonum
1312 1649 1334 1672 a
1366 1636 1545 1673 bonitate

174 1695 213 1728 25
230 1690 306 1727 sibi
338 1691 585 1737 inexistente‚
627 1692 696 1727 sed
729 1691 947 1729 efficienter
980 1705 1001 1728 a
1035 1693 1213 1730 bonitate
1246 1694 1451 1742 operantis
1484 1707 1545 1731 ex-

230 1748 422 1796 trinseca3
463 1750 602 1786 eadem
637 1749 741 1786 enim
775 1750 962 1798 operacio
995 1759 1126 1798 potest
1158 1764 1242 1788 esse
1274 1752 1407 1800 primo
1440 1754 1545 1789 bona

233 1806 438 1844 moraliter
477 1816 514 1843 et
552 1816 642 1855 post
681 1808 786 1844 mala
827 1808 1033 1845 moraliter
1072 1818 1109 1845 et
1142 1818 1324 1856 econtra;
1363 1810 1454 1847 ideo
1487 1819 1545 1847 est

231 1866 326 1901 dare
371 1865 592 1902 bonitatem
636 1866 756 1902 talem
805 1866 1012 1903 relativam
1058 1867 1131 1903 sibi
1176 1867 1460 1917 adquisibilem
1506 1878 1543 1905 et

231 1923 534 1972 deperdibilem,
581 1936 624 1960 ex
663 1923 841 1960 bonitate
882 1924 1086 1972 operantis
1126 1935 1346 1971 causatam‚
1392 1935 1429 1963 et
1467 1926 1543 1963 hoc

173 1986 215 2018 30
230 1990 388 2029 oportet
420 1993 581 2018 omnem
614 1990 831 2029 ponentem
864 1991 1068 2030 respectus
1102 1983 1246 2020 dicere.
1283 1984 1394 2021 Unde
1426 1984 1542 2021 urina

230 2038 377 2076 dicitur
409 2052 505 2076 sana
544 2039 762 2076 efficienter
801 2052 844 2076 ex
882 2040 1053 2077 sanitate
1090 2041 1342 2078 subiectante
1380 2041 1421 2078 in
1460 2041 1542 2078 uri-

228 2106 363 2145 nante,
397 2098 466 2134 sed
497 2097 719 2134 formaliter
742 2096 890 2134 dicitur
922 2111 944 2135 a
976 2098 1180 2146 signancia
1204 2098 1406 2145 sanitatis;
1440 2099 1543 2137 sicut

230 2154 336 2192 dieta
375 2155 520 2192 dicitur
558 2168 655 2192 sana
694 2156 743 2191 ab
783 2155 1007 2193 efficiencia
1043 2157 1105 2193 vel
1144 2156 1399 2194 effectivitate
1437 2157 1542 2194 sani·

228 2212 333 2249 tatis.
379 2215 428 2249 Et
472 2212 732 2250 conformiter
776 2213 922 2250 dicitur
960 2226 1021 2250 res
1065 2214 1304 2261 voluntaria,
1350 2214 1445 2264 quia
1484 2223 1542 2252 est

172 2273 212 2307 35
228 2270 450 2307 formaliter
471 2271 658 2317 volutiva,
692 2280 735 2307 ut
765 2280 911 2308 natura
934 2272 1161 2319 racionalis,
1194 2273 1255 2309 vel
1287 2272 1381 2321 quia
1403 2274 1542 2310 volun-

200 2328 330 2365 ‘tarie
363 2338 563 2366 causatur.
597 2331 646 2366 Et
677 2329 732 2366 sic
764 2329 895 2366 omnis
928 2338 1112 2367 creatura
1144 2330 1291 2367 dicitur
1324 2331 1542 2370 efficienter

227 2387 454 2424 voluntaria
493 2400 515 2424 a
552 2388 759 2424 voluntate
796 2386 942 2433 divina,
981 2390 1050 2424 sed
1089 2388 1311 2425 formaliter
1348 2402 1370 2426 a
1402 2402 1541 2426 causa-

230 2444 345 2481 cione
377 2444 618 2493 voluntaria,
659 2454 695 2481 et
728 2444 783 2481 sic
816 2445 947 2481 omnis
982 2455 1167 2483 creatura
1200 2446 1345 2483 dicitur
1378 2460 1456 2495 quo
1490 2449 1541 2484 ad

228 2511 363 2539 actum
386 2502 563 2551 primum
596 2516 712 2539 suum
736 2502 853 2549 iusta,
888 2503 983 2552 quia
1006 2503 1107 2541 iuste
1140 2517 1162 2541 a
1184 2506 1268 2541 Deo
1292 2514 1538 2551 conservata,

167 2573 212 2604 40
228 2569 266 2596 et
297 2561 364 2597 illa
396 2560 554 2597 iusticia
587 2569 645 2597 est
676 2560 901 2597 formaliter
933 2570 971 2598 et
1002 2561 1327 2610 inseparabiliter
1358 2562 1398 2599 in
1431 2575 1540 2600 crea·

226 2626 329 2654 tura.
365 2618 520 2655 Dicitur
552 2627 688 2655 tamen
720 2618 992 2666 comparative
1025 2630 1208 2668 respectu
1240 2620 1459 2658 voluntatis
1482 2621 1540 2657 di·—

224 2675 327 2723 vine,
366 2685 403 2713 et
440 2676 496 2713 ita
534 2678 582 2713 de
620 2676 829 2723 similibus,
867 2689 941 2714 nec
973 2687 1107 2726 posset
1138 2680 1244 2716 Deus
1278 2677 1355 2715 dici
1388 2678 1539 2727 anichi-

294 2798 337 2826 16.
363 2799 420 2833 vel]
446 2799 535 2827 cod.:
560 2803 592 2826 ut
714 2807 758 2835 27.
785 2800 865 2833 ideo]
892 2801 958 2828 cod.
969 2809 980 2826 :
1006 2809 1037 2828 10
1058 2801 1135 2836 (sie).
1259 2800 1300 2829 31.
1320 2803 1358 2836 et]
1379 2801 1466 2829 cod.:
1492 2809 1538 2828 ex-

225 2831 272 2867 34.
295 2832 392 2862 Cod..·
415 2834 599 2861 voluntarie.
1238 2846 1251 2855 a
1379 2873 1400 2905 8
